2800 4860
293 409 296 417 Α
382 349 703 418 rottrours
721 351 972 416 rnrorrs
1063 388 1067 400 .
1176 372 1230 424 vn

143 499 375 599 libellorum,
399 503 650 606 raiemnque
657 505 820 593 teudoni
842 507 969 608 pretii,
1004 507 1034 586 is
1048 507 1155 587 valde
1170 519 1230 586 ra·

143 607 345 686 rendtuu
317 628 363 686 sn
378 617 425 685 n'e
450 609 641 687 indoctus
631 630 679 684 et
690 609 836 693 „labori
831 625 948 712 quern
969 614 1128 714 suscepit
1147 641 1230 714 per-

144 709 441 812 ferendoimpar
437 712 678 792 existimatur.
723 713 1002 816 Iamnonquid
1004 743 1063 792 eru
1080 742 1229 820 ogone·

143 839 230 915 gare
246 813 398 917 atesim,
394 815 494 890 vtile
515 842 631 910 esre,
648 838 686 892 vt
708 813 754 892 de
777 845 865 912 ιιι,Ι
861 846 963 920 quae
982 821 1070 894 iarn·
1079 825 1124 896 ab
1152 821 1229 895 aliis

143 921 238 994 bene
255 909 427 998 tradita
400 941 464 1014 stt,
490 947 564 995 non
582 918 705 995 denuo
721 921 844 996 multis
868 944 1089 1042 exponatur,
1114 944 1157 1001 et
1176 926 1229 998 le·

142 1042 262 1100 atores
276 1021 398 1120 potius
418 1022 649 1100 remittantur
652 1005 718 1102 ad
737 1027 866 1100 eorrirn
875 1025 1033 1124 sririptn,
1064 1027 1138 1129 qui
1149 1047 1246 1128 rent¹

143 1125 242 1198 illam
264 1145 372 1200 reate
390 1115 592 1204 docuerint.
653 1109 728 1200 Sed
751 1154 874 1203 nonne
896 1131 1024 1204 melius
1045 1130 1228 1204 lectorum

99 1235 104 1254 ⁸
143 1227 282 1306 vtilitati
298 1230 518 1323 consulitur,
545 1228 776 1308 silandemus
800 1258 910 1306 vnum
935 1254 1043 1332 atque
1068 1233 1153 1350 item
1177 1234 1228 1306 al·

143 1345 263 1407 ter'um
287 1327 334 1404 de
354 1352 567 1435 argumento
589 1333 778 1434 proposito
792 1333 947 1428 librum,
982 1363 1090 1436 quarn
1112 1335 1141 1408 si
1162 1335 1228 1408 im·

141 1461 301 1508 mensam
314 1433 507 1531 librorum,
532 1463 625 1536 quos
639 1460 827 1536 nunqnam
843 1435 1016 1532 vidimus,
1043 1439 1184 1537 copiam
1207 1466 1228 1512 e

142 1537 265 1610 diariis
283 1558 318 1610 et
332 1539 418 1612 actis
435 1539 613 1620 litterariis
627 1539 876 1633 corradamus‘,
916 1561 952 1615 et
975 1541 1052 1615 sine
1073 1540 1182 1616 vllo
1172 1569 1227 1640 qr·
1237 1537 1243 1550 '

142 1639 257 1734 dicio,
284 1639 331 1714 ad
356 1641 467 1716 solam
502 1668 673 1716 manuum
704 1641 903 1720 industriae
937 1623 1227 1736 ostentationem,

141 1743 289 1818 lectoris
305 1743 419 1818 oculis
432 1743 689 1819 subiiciamus?
713 1745 849 1822 Nonne
869 1746 970 1820 aliud
991 1768 1064 1841 est,
1098 1751 1226 1820 afferre

141 1873 234 1944 quae
249 1843 295 1933 ad
311 1873 389 1920 rem
408 1845 629 1948 propositam
653 1846 793 1924 facilius
818 1869 854 1924 at
870 1849 1001 1938 melius
1025 1848 1226 1952 intelligen-

140 1950 225 2024 dam
255 1949 406 2044 saciant,
433 1949 550 2041 aliud,
585 1949 888 2051 bibliographiam
907 1950 1095 2026 condere?
1134 1909 1227 2040 Quis

139 2079 173 2128 v.
189 2079 220 2132 c.
236 2051 284 2126 ad
296 2053 423 2154 fragm
440 2005 556 2128 L'Xll.
547 2083 604 2152 ..p
623 2064 684 2134 92
701 2081 780 2156 sqq.
772 2053 1042 2150 desiderabit(
1027 2057 1227 2154 (Kleffelir)

138 2147 369 2254 Apologiam
399 2163 676 2254 Sardanapali,
716 2185 809 2258 quae
835 2179 929 2234 extat
954 2157 992 2230 in
1016 2158 1225 2232 Obseruatt.

139 2259 282 2332 selectis
304 2257 443 2334 adrem
463 2259 675 2337 litterarum
698 2265 961 2362 spectantibus,
995 2261 1040 2336 T.
1061 2261 1109 2333 X
1126 2260 1223 2348 (Hal.
1298 2327 1305 2336 ,

141 2366 241 2439 1705
271 2371 370 2462 8..)p
387 2373 463 2442 398
470 2371 616 2442 -424
669 2365 747 2466 Ego
773 2385 869 2438 certe
895 2364 987 2439 adeo
1008 2361 1099 2438 nihil
1119 2389 1162 2436 ex
1183 2390 1225 2438 ea

98 2455 102 2470 ⁶
138 2465 302 2564 profeci,
334 2486 373 2542 vt
393 2493 471 2540 eam
493 2485 591 2543 reete
612 2463 703 2540 mihi
722 2467 842 2542 videar
864 2465 1008 2542 silentio
1029 2467 1224 2566 praeterire

103 2653 107 2660 .
139 2569 339 2665 potuisse.
360 2569 489 2670 Itaque
511 2597 732 2669 quanquam
744 2599 829 2647 curn
851 2569 1029 2644 multis'
996 2570 1083 2646 vrris
1105 2568 1225 2668 graui·

137 2671 206 2744 hus
232 2692 270 2746 et
295 2697 379 2748 rere
404 2671 554 2746 eruditis
580 2673 766 2774 pessimam
792 2675 895 2748 istam
925 2671 1225 2748 cousuetudinem

139 2775 246 2872 plane
268 2775 422 2852 damno·-
445 2797 568 2860 tamen
591 2775 722 2852 hoc
691 2803 725 2850 er
747 2775 910 2852 dandum
930 2776 1076 2876 putaui,
1110 2793 1149 2850 vt
1176 2773 1223 2885 dq

77 2903 81 2911 ·
139 2878 328 2955 nonnullis
354 2881 481 2971 rebus,
513 2899 687 2978 tanquam
691 2876 754 2952 de
776 2879 993 2997 Areopago,
1039 2875 1085 2952 de
1107 2902 1223 2962 annu
1282 2871 1284 2882 '

137 2977 236 3074 abis,
263 3009 295 3056 a.
318 3009 345 3056 s.
369 3009 406 3082 p.
429 2981 631 3082 dequibus
652 2981 762 3054 multi
782 2980 868 3060 libri
889 2909 1076 3082 prgaeclare
1096 2976 1222 3078 scripti
1281 2983 1284 2988 ’

138 3105 277 3178 extant,
303 3085 428 3186 plures
439 3087 620 3159 laudarem
630 3110 794 3203 ,quarn
791 3110 917 3158 reuera
929 3081 1019 3156 mihi
1032 3110 1124 3182 opus
1145 3107 1221 3155 esse

138 3186 334 3262 videretur.
386 3187 583 3288 Nunquam
597 3214 701 3280 vero,
728 3187 797 3262 nisr
786 3187 869 3263 vbi
885 3185 924 3261 id
938 3185 1070 3262 diserte
1085 3165 1220 3278 addidi,

8 3342 20 3362 ι
137 3290 428 3368 laudauilibrum
445 3291 625 3390 aliquem,
662 3316 798 3410 quem.
793 3319 869 3366 non
888 3289 965 3388 ipse
982 3287 1150 3364 vidissem
1168 3309 1221 3360 at·

138 3420 208 3491 que
223 3393 397 3496 legissem.
460 3393 556 3470 Nolo
580 3392 676 3467 enim
701 3394 820 3469 omnia
841 3393 933 3466 scire
957 3413 1065 3493 atque
1088 3387 1220 3566 leqissq

139 3495 261 3571 videri.
313 3496 354 3570 Si
366 3519 485 3572 tamen
499 3496 632 3576 alicubi
646 3496 781 3571 librum
797 3495 971 3596 aliquem,
989 3521 1054 3595 qur
1042 3495 1129 3568 lau
1157 3523 1220 3566 an·

138 3597 206 3672 dus
221 3599 368 3695 fuisset,
393 3599 477 3676 vel
467 3628 637 3702 rgnorans
649 3601 707 3676 vel
726 3599 862 3674 oblitus
877 3599 933 3674 vel
949 3599 1025 3672 aliis
1040 3598 1086 3672 de
1104 3597 1219 3670 causis
1268 3633 1272 3642 ·

131 3701 265 3798 omisi,
295 3730 373 3779 non
393 3727 527 3803 respuo
554 3703 685 3778 iustam
712 3723 749 3776 et
773 3729 923 3804 aequam
940 3700 1219 3781 animaduersio·

135 3831 229 3884 nem.
280 3805 414 3909 Neque
429 3807 525 3882 enim
542 3804 661 3882 omnia
681 3832 873 3905 possumus
895 3832 1041 3898 omnes,
1076 3823 1112 3876 et
1135 3801 1219 3875 nul

134 3907 347 3985 liussaltem
362 3939 408 3984 ne
410 3907 704 4029 gligentiaemihi
721 3909 887 3984 conscius
902 3935 991 3980 sum.
1043 3904 1171 3980 Idem
1161 3933 1217 3977 ru·
1311 3971 1316 3978 .

135 4010 235 4084 dices
249 4012 357 4090 velim
373 3942 433 4088 deg
437 4013 574 4088 omissis
590 4014 684 4092 forte
699 4011 914 4112 quibusdam
922 4009 1101 4087 Hellanici
1113 4006 1216 4098 loeis,

132 4114 283 4213 quales
274 4115 435 4215 mprimis
453 4117 534 4190 fieri
547 4136 665 4236 potest
680 4137 718 4190 rt
732 4116 857 4215 plures
872 4114 1098 4212 reperiantur
1117 4106 1216 4208 apud

131 4221 395 4317 Eustatlu‘um,
422 4221 526 4294 cuius
546 4220 583 4294 in
600 4225 811 4299 Homerum
832 4215 1108 4325 commentarios
1124 4237 1217 4288 non·
