2780 4858
241 373 247 380 ·
313 419 320 426 ,
378 350 415 414 e.
446 348 614 432 esurum
641 347 867 414 ιιιιιιιιο.
1047 373 1050 384 ·
1103 353 1162 418 tst

25 559 28 564 .
79 501 183 563 habet
197 497 378 581 maximam
396 498 614 578 similitudo„
633 516 852 586 posteaquam
873 520 932 585 per
958 496 1080 564 mentis
1103 497 1165 564 im·
1241 564 1243 570 ,

80 600 299 668 beeillitateus
323 598 417 666 ieras
440 597 593 666 omnium
612 626 722 668 rerum
738 599 884 667 rationes
907 599 1073 688 explicare
1093 621 1163 666 non
1213 602 1215 610 ’

80 725 282 790 possumus;
319 707 432 784 eadem
458 702 493 768 in
515 707 581 770 hoc
599 728 732 792 quoque
755 704 898 790 negocio
923 703 1007 768 itl'ud
1030 703 1161 779 efficiet.

80 822 120 870 ut
136 808 176 868 ad
192 805 294 871 unius
313 805 556 873 emendationis
578 807 724 874 alicuius
748 809 935 892 exemplum
951 806 1036 870 aliae
1052 807 1164 892 plures

81 907 159 971 alibi
174 929 244 971 non
261 907 375 996 inepte
390 903 717 998 quasisucer'escant.
761 910 818 976 Sic
831 909 936 997 igitur
951 931 1095 994 agemus,
1114 923 1163 990 ut,

81 999 296 1096 quaeliterait
316 1009 351 1073 in
368 1031 448 1096 quas
469 1009 701 1100 eorrumpisae
718 1011 914 1097 degenerare
936 1014 1080 1091 soleant,
1113 1025 1164 1075 at·
1197 1007 1200 1015 ’

81 1135 149 1198 que
160 1130 206 1176 tta
221 1111 423 1186 vectitabat,
445 1111 610 1198 aliamque
626 1134 869 1200 nonnunquam
888 1113 1075 1179 orationem
1093 1114 1164 1178 sui-

81 1215 200 1298 fieere,
227 1213 422 1302 singillatim
436 1213 584 1302 primum
607 1217 831 1306 ostendamus.
875 1214 1021 1281 Deinde
1023 1237 1109 1302 quae
1128 1211 1167 1280 li·

82 1336 174 1384 terae
187 1320 242 1384 vel
258 1315 333 1382 addi
351 1319 404 1386 vel
421 1314 536 1382 omitti
553 1334 677 1382 temere
698 1292 841 1396 soleant,
874 1315 1088 1388 docebimus:
1118 1333 1164 1386 at·

84 1444 188 1508 que
169 1404 269 1486 etiam
291 1422 334 1483 ad
352 1421 491 1510 syllabas
508 1436 542 1484 et
555 1423 655 1484 verba
669 1423 770 1485 multa
788 1437 861 1486 tum
877 1422 1061 1509 superflua,
1089 1437 1164 1486 tum

85 1495 270 1590 desideiata
287 1495 474 1586 veniemus.
518 1521 610 1588 Hine
632 1525 675 1587 ad
689 1497 965 1590 coniunctionem
979 1523 1164 1588 vocabulo.

85 1649 161 1691 rum
178 1624 493 1712 disiungendorum,
525 1641 558 1689 et
584 1647 717 1692 rursum
739 1624 1003 1692 disiunctionem
1025 1613 1165 1692 coniuit-

85 1732 282 1822 gendorum‚
302 1750 371 1792 rem
386 1729 427 1792 ad
443 1724 690 1816 iucunditatem
701 1726 868 1815 maritaret
882 1725 1061 1794 utilitatem
1078 1717 1167 1814 prie-

85 1829 344 1926 stantissimaml.
374 1828 644 1918 progrediemurt
683 1848 717 1895 et
736 1830 797 1896 alia
821 1832 981 1918 quaedam
1008 1829 1163 1918 denique,

87 1957 172 2022 quae
187 1936 226 1996 ad
237 1935 307 2026 *hoc
322 1933 502 2022 negocium
516 1931 705 2019 pertinent,
728 1931 874 1997 breviter
893 1933 1065 1998 addemus.
1109 1935 1167 1996 At.
1234 2013 1238 2019 .

88 2059 153 2125 que
170 2035 208 2100 in
224 2033 290 2116 his,
311 2051 351 2101 ut
367 2034 450 2112 dixi‚‘
469 2034 574 2101 solius
582 2033 754 2108 Aristidis,
779 2049 813 2098 et
828 2033 856 2100 si
872 2027 970 2114 for'te,
993 2037 1169 2100 Novarum

89 2139 315 2218 Lectionum,
350 2154 449 2224 atque
479 2135 580 2203 etiam
602 2136 703 2202 'Posui
735 2133 844 2224 quarti
870 2134 1166 2202 emendationibus
1236 2139 1239 2143 ’

21 2319 26 2329 ἱ
90 2263 242 2316 utemur,
261 2245 368 2328 plura
383 2241 533 2332 exempla
556 2239 638 2302 vel
620 2239 692 2334 spsi
708 2259 817 2326 perse
831 2234 974 2300 studiosi
994 2238 1164 2325 colligent,
1175 2321 1178 2328 .

35 2355 40 2366 '
89 2352 142 2415 vel
157 2361 218 2413 nos
235 2342 333 2422 ditm
362 2364 389 2406 st
407 2357 588 2427 suppetent
601 2359 736 2428 antrqut
752 2339 829 2405 hbrt
842 2327 971 2426 plures5
994 2341 1165 2408 addemus.
1196 2337 1219 2407 ⁸.

90 2459 222 2519 Horum
237 2447 330 2513 enim
346 2445 421 2508 iure
439 2465 569 2508 summo
591 2443 738 2508 maxima
755 2443 852 2506 debet
865 2463 952 2534 esse,
984 2460 1023 2506 ut
1036 2461 1070 2508 et
1084 2446 1168 2510 anti'-
1187 2517 1190 2524 ,

91 2549 230 2642 quitatis
249 2549 366 2626 totius,
390 2535 566 2612 autoritas:
590 2566 674 2630 quae
691 2543 851 2632 quoniam
865 2566 930 2610 nee
946 2544 1045 2610 nobis
1066 2546 1102 2610 in
1115 2549 1169 2614 his
1224 2623 1226 2633 Α

92 2652 217 2731 deerit,
246 2669 289 2714 ‘ea
307 2672 350 2716 ne
363 2647 409 2713 sit
423 2650 580 2722 obscura,
604 2651 668 2712 hoe
680 2649 808 2734 ubique
823 2645 1093 2740 observabimus,
1122 2655 1171 2728 u't,

93 2753 317 2846 quaeeunque
345 2749 589 2838 codicumtope
613 2749 799 2837 scripturae
828 2753 1023 2816 emendatae
1041 2773 1171 2838 propo-

93 2873 239 2936 nentur,
270 2871 351 2918 nota
373 2857 608 2939 parentheseos
630 2849 813 2928 desinentis
830 2851 1078 2943 insigniuntur,·
1104 2870 1170 2920 eta
1247 2913 1249 2917 .

93 2957 232 3047 reliquis
240 2953 258 3040 ,'
281 2979 365 3042 quae
383 2953 521 3021 lectoris
539 2952 779 3044 relinquuntur
800 2952 930 3021 iudicio
940 2985 967 3038 ,¹
984 2955 1171 3023 discernan-

93 3078 160 3130 tur.
194 3062 273 3127 ¹Sed
285 3057 356 3124 iam
371 3073 514 3146 tempus.
946 3071 959 3116 1
