2790 4858
198 320 259 406 'aa
424 309 1010 409 aettlntcirntcuaut‘a'
1040 345 1092 412 aa
1166 417 1170 430 ,

493 498 1027 580 ΚΑΡΝΕΟΝΙΚΑΙ

660 669 803 736 LIII

304 782 473 856 Attanae.
504 789 554 862 tt.
579 807 611 872 Ρ
624 792 697 860 635
722 790 758 853 F
788 765 829 854 τοὶ
850 789 994 875 Καρνοῖα
1016 789 1148 871 πρῶτος
1168 761 1305 860 admon

167 887 435 976 nanneten
448 889 541 980 νικᾷ,
568 885 615 972 οἷς
629 886 825 970 ‘ustiones
846 892 985 978 ἱστορεῖ,
1013 887 1049 961 ἔν
1067 912 1101 962 ιε
1119 895 1189 974 τοῖς
1204 887 1304 980 ἐμμέ-

221 993 583 1092 τροιςιΚαρνεονλκαος,
604 987 669 1082 κᾷν
683 999 753 1075 τοῖς
769 991 1008 1082 καταλογάδην.

307 1111 488 1196 Quodnam
507 1110 609 1181 fuerit
631 1109 734 1180 huius
753 1114 863 1200 operis
887 1106 1026 1178 metrice
1042 1107 1225 1198 conscripti
1246 1131 1303 1174 ar-

218 1229 437 1330 gumentum,
467 1207 581 1279 atatim
598 1237 638 1283 ex
659 1213 729 1310 ipsa
752 1213 972 1308 inscriptione
985 1210 1195 1300 intelligitur.
1238 1208 1304 1284 lli-

148 1311 156 1329 *
219 1311 343 1382 mirum
365 1330 403 1377 vt
433 1314 609 1409 Pindbtus
638 1317 754 1394 edidit
774 1314 1048 1406 Ὀλυμπιονίκας,
1081 1313 1302 1392 nonantula,

109 1459 113 1464 -
218 1432 282 1482 etc.
305 1433 352 1481 tta
361 1411 575 1489 Hellanicus
589 1419 832 1506 Καονεονλκας,
861 1424 896 1486 h.
913 1442 942 1484 e.
965 1418 1109 1492 carmine
1130 1415 1303 1482 recensuit

217 1519 270 1583 vel
284 1491 438 1588 laudauit
459 1543 532 1608 eos,
559 1514 618 1610 qui
637 1518 674 1590 in
691 1518 837 1590 Carneis
845 1521 1013 1592 vicissent
1064 1522 1142 1607 Quo
1162 1519 1301 1608 quidem

219 1640 319 1738 opere
335 1643 440 1708 quum
467 1639 658 1734 temporum
676 1623 762 1690 r'stio
777 1622 814 1692 in
836 1622 1011 1691 nonnullis
1027 1621 1152 1691 certius
1168 1617 1300 1688 definiri

218 1721 369 1811 potuisse
387 1723 555 1798 vrdeatur
580 1728 642 1791 nos
638 1748 944 1844 septenaremns
976 1763 1015 1777 -
1059 1729 1151 1794 Haec
1166 1743 1205 1789 ac
1222 1720 1301 1788 talta

184 1838 186 1844 ’
216 1815 312 1928 plura
336 1823 402 1890 dici
427 1824 568 1893 edoctis
581 1827 776 1896 hominibus
792 1831 916 1908 solent,
945 1830 999 1894 vel
1016 1825 1231 1924 simpliciter,
1263 1842 1301 1890 vt

218 1947 235 1992 a
255 1949 310 1992 mo
328 1929 505 2018 hucusque
523 1920 627 1996 retati
634 1933 730 2018 sunl,
759 1933 813 1996 vel
827 1931 964 2018 pulchre
977 1935 1020 1998 sd
1035 1925 1200 2002 Hellanici
1222 1929 1301 1996 lan-

96 2069 106 2098 ν
220 2027 307 2093 deut.
351 2026 465 2116 Nego
462 2051 542 2098 vero
561 2029 700 2099 omnino
716 2055 792 2100 vera
813 2053 901 2110 ease,
933 2055 1018 2122 quaa
1038 2048 1116 2125 post
1134 2028 1175 2104 V
1170 2052 1304 2099 nassum*

219 2129 411 2199 deliistorr
430 2135 485 2200 Gr.
507 2139 592 2215 4,5’.
616 2158 650 2222 p.
664 2139 744 2214 450
768 2134 867 2201 mults
883 2152 929 2203 et
934 2134 1003 2212 ιλιι
1027 2158 1098 2211 non
1117 2135 1208 2202 solus
1223 2155 1299 2223 ego,

214 2229 258 2299 'de
275 2233 437 2302 Hellanici
461 2225 696 2322 cimicibus,
715 2235 837 2342 quibus
852 2237 1133 2308 Carneonicarnm
1156 2235 1300 2306 virtutes
1329 2313 1332 2322 k

190 2399 191 2408 ,
216 2323 445 2418 celebrauerit,
469 2361 507 2405 ex
529 2347 595 2404 vno
614 2336 672 2405 rllo
682 2331 852 2414 Athenaei
872 2341 946 2430 loco
960 2357 1052 2406 eruta
1068 2337 1299 2438 prodiderunt

210 2426 307 2506 Mihi
330 2425 421 2505 cette
441 2433 532 2508 nunc
549 2423 644 2509 valde
667 2431 807 2542 dubium
824 2461 895 2520 est,
924 2467 966 2512 sn
991 2440 1184 2512 Hellanicus
1208 2460 1300 2510 recte

215 2529 345 2606 dicatur
357 2564 424 2608 non
437 2545 546 2611 solnm
559 2547 623 2611 t'al'e
639 2535 771 2612 carmen
789 2543 1034 2634 composuisse,
1057 2547 1113 2611 sed
1130 2561 1298 2633 praeterea

195 2627 318 2743 ’,οιὶοιιι
333 2624 579 2750 καταλογαδην,
600 2649 752 2748 pedestri
763 2659 841 2718 orat
843 2650 933 2730 ione,
958 2649 999 2710 de
1014 2638 1133 2712 iisdem
1145 2649 1298 2715 Carnes-

131 2755 146 2770 ·’
209 2730 289 2834 'riam
306 2733 491 2814 victoribus
505 2750 698 2817 narrauisse.
741 2741 850 2816 Multo
866 2750 989 2817 rectius
1002 2753 1101 2818 verba
1114 2751 1180 2823 An
1176 2756 1296 2834 teneei,

158 2921 162 2928 ,
214 2829 250 2920 iv
271 2875 306 2922 ea
326 2859 394 2938 τοῖς
414 2845 583 2941 ἐμμέτροις
596 2855 852 2940 Καρνεονίκαις,
885 2851 949 2923 κοῖν
970 2859 1039 2940 τοῖς
1058 2853 1296 2973 καταλογάδην,

214 2953 255 3019 ad
276 2954 385 3020 solum
400 2949 766 3040 Terpandrumreferri
786 2953 943 3038 arbitror,
970 2954 1122 3044 quentin
1144 2947 1294 3034 carneis,
1388 3035 1389 3040 η

213 3054 438 3122 Carnennicas
461 3074 526 3122 tam
543 3041 691 3128 carmine
703 3081 799 3158 quarn
815 3057 967 3124 oratione
982 3077 1077 3144 prosa
1088 3059 1293 3140 laudantem,

125 3178 130 3190 ¹
160 3237 164 3246 ἱ
214 3147 360 3258 prinlum
389 3158 551 3226 victorem
583 3159 688 3228 fuisse
711 3151 936 3228 Hellanicus
927 3183 961 3224 an
984 3158 1098 3248 aliquo
1122 3181 1183 3227 suo
1205 3162 1294 3248 libro

206 3251 395 3328 'tradiderit
442 3267 518 3329 Non
526 3258 934 3376 igiturAlImniseiverbe.
958 3257 1003 3342 nic
1012 3258 1294 3344 Ἑλλανικοςῖσιο

211 3371 277 3450 osi,
306 3363 401 3430 aliter
417 3363 663 3453 interpretanda
687 3366 786 3449 aunt',
818 3386 917 3453 quam
935 3345 1149 3437 Saltolr'asnae
1162 3367 1293 3437 Honte-

203 3469 274 3537 rice
269 3466 367 3544 infr.
381 3469 498 3561 fragm.
514 3470 663 3542 LXXXX.
681 3485 713 3536 at
727 3467 871 3534 aliorum
885 3465 1023 3540 similist
1068 3471 1186 3558 Neque
1200 3471 1294 3537 aliud

202 3562 308 3690 apud:
314 3571 532 3644 Athenaeum
553 3589 719 3649 narratur,
750 3593 852 3658 quam
866 3574 1099 3672 Terpandrnm
1119 3575 1159 3638 ab
1175 3575 1294 3640 Helle-

209 3674 291 3744 nico
318 3692 487 3743 narratum
509 3693 582 3742 esse
600 3671 747 3762 primum
769 3671 924 3742 omnium
952 3675 1101 3742 Carnes
1096 3674 1224 3744 vicisse
1248 3699 1289 3744 eo
1387 3719 1388 3726 ι

201 3780 302 3885 qnod
317 3778 539 3848 Carnennicas
569 3793 602 3844 et
616 3776 819 3853 carminibus
843 3793 877 3846 ot
892 3775 1101 3848 orationibus
1112 3779 1290 3846 laudasset

170 3925 173 3940 .
206 3887 255 3949 lta
281 3903 442 3966 numerus
464 3881 626 3950 librorum
643 3883 682 3945 ab
707 3881 880 3946 Hellanico
903 3879 1103 3968 scriptorum
1124 3878 1290 3951 imminu·

170 4057 175 4063 ,
208 3984 293 4053 itus.
334 4002 366 4048 et
392 3996 500 4070 potest
521 3986 580 4050 ille
603 3986 656 4049 vel
674 3982 710 4048 in
728 3979 904 4070 Ἱστορίαις
927 3985 979 4046 vel
1001 3979 1035 4046 in
1052 3989 1224 4071 Λεοβικοῖς
1247 3985 1289 4049 de

152 4083 170 4096 ””
206 4088 399 4174 Terpandro
418 4085 618 4174 exposuisse.
660 4087 803 4156 Accedit
815 4087 907 4178 guod
924 4089 1061 4152 verbum
1076 4090 1201 4173 ἱστορεῖ
1215 4109 1288 4152 ms·
1386 4101 1387 4144 ὲ

204 4187 293 4254 xime
310 4193 350 4252 sd
361 4188 566 4262 Historicnm
582 4187 737 4275 pertinet,
761 4188 1095 4278 quodquennsqnsm
1110 4205 1200 4256 certo
1219 4188 1287 4254 dici
1386 4203 1387 4220 ¹
