<?xml version="1.0" encoding="UTF-8"?>
<!DOCTYPE html PUBLIC "-//W3C//DTD XHTML 1.0 Transitional//EN"
    "http://www.w3.org/TR/xhtml1/DTD/xhtml1-transitional.dtd">
<html xmlns="http://www.w3.org/1999/xhtml" xml:lang="en" lang="en">
 <head>
  <title>
</title>
<meta http-equiv="Content-Type" content="text/html;charset=utf-8" />
  <meta name='ocr-system' content='tesseract 3.04.00' />
  <meta name='ocr-capabilities' content='ocr_page ocr_carea ocr_par ocr_line ocrx_word'/>
</head>
<body>
  <div class='ocr_page' id='page_1' title='image "./hellanicilesbii01cantgoog_0016.png"; bbox 0 0 2800 4860; ppageno 0'>
   <div class='ocr_carea' id='block_1_1' title="bbox 460 348 1240 424">
    <p class='ocr_par' dir='ltr' id='par_1_1' title="bbox 460 348 1240 424">
     <span class='ocr_line' id='line_1_1' title="bbox 460 348 1240 424; baseline -0.012 -9"><span class='ocrx_word' id='word_1_1' title='bbox 460 348 712 417; x_wconf 83' lang='lat' dir='ltr'><strong>uutrrouts·</strong></span> <span class='ocrx_word' id='word_1_2' title='bbox 739 350 1007 415; x_wconf 44' lang='lat' dir='ltr'><strong>macareus</strong></span> <span class='ocrx_word' id='word_1_3' title='bbox 1072 387 1077 398; x_wconf 85' lang='lat'><strong>.</strong></span> <span class='ocrx_word' id='word_1_4' title='bbox 1186 371 1240 424; x_wconf 68' lang='lat' dir='ltr'><strong>m</strong></span> 
     </span>
    </p>
   </div>
   <div class='ocr_carea' id='block_1_2' title="bbox 86 499 1327 4216">
    <p class='ocr_par' dir='ltr' id='par_1_2' title="bbox 108 499 1314 2876">
     <span class='ocr_line' id='line_1_2' title="bbox 154 499 1240 607; baseline 0.005 -28"><span class='ocrx_word' id='word_1_5' title='bbox 154 499 384 599; x_wconf 69' lang='lat' dir='ltr'><strong>libellorum,</strong></span> <span class='ocrx_word' id='word_1_6' title='bbox 408 503 830 606; x_wconf 73' lang='lat' dir='ltr'><strong>cuiuscunque&#39;te&#39;ndem</strong></span> <span class='ocrx_word' id='word_1_7' title='bbox 852 507 980 607; x_wconf 70' lang='lat' dir='ltr'><strong>pretii,</strong></span> <span class='ocrx_word' id='word_1_8' title='bbox 1013 506 1165 586; x_wconf 82' lang='lat' dir='ltr'><strong>isvalde</strong></span> <span class='ocrx_word' id='word_1_9' title='bbox 1179 535 1240 586; x_wconf 85' lang='lat' dir='ltr'><strong>ve·</strong></span> 
     </span>
     <span class='ocr_line' id='line_1_3' title="bbox 154 606 1240 713; baseline 0.002 -31"><span class='ocrx_word' id='word_1_10' title='bbox 154 606 312 685; x_wconf 80' lang='lat' dir='ltr'><strong>rendtun</strong></span> <span class='ocrx_word' id='word_1_11' title='bbox 328 607 373 684; x_wconf 85' lang='lat' dir='ltr'><strong>sit</strong></span> <span class='ocrx_word' id='word_1_12' title='bbox 387 617 435 684; x_wconf 88' lang='lat' dir='ltr'><strong>n&#39;e</strong></span> <span class='ocrx_word' id='word_1_13' title='bbox 460 607 628 686; x_wconf 78' lang='lat' dir='ltr'><strong>indoctus</strong></span> <span class='ocrx_word' id='word_1_14' title='bbox 642 619 689 682; x_wconf 84' lang='lat' dir='ltr'><strong>·&#39;et</strong></span> <span class='ocrx_word' id='word_1_15' title='bbox 700 607 958 711; x_wconf 76' lang='lat' dir='ltr'><strong>laboti-quesn</strong></span> <span class='ocrx_word' id='word_1_16' title='bbox 979 613 1138 713; x_wconf 75' lang='lat' dir='ltr'><strong>suscepit</strong></span> <span class='ocrx_word' id='word_1_17' title='bbox 1157 640 1240 713; x_wconf 80' lang='lat' dir='ltr'><strong>per·</strong></span> 
     </span>
     <span class='ocr_line' id='line_1_4' title="bbox 154 709 1239 819; baseline 0.005 -34"><span class='ocrx_word' id='word_1_18' title='bbox 154 709 312 788; x_wconf 82' lang='lat' dir='ltr'><strong>letando</strong></span> <span class='ocrx_word' id='word_1_19' title='bbox 327 711 688 811; x_wconf 72' lang='lat' dir='ltr'><strong>impacexistimstur.</strong></span> <span class='ocrx_word' id='word_1_20' title='bbox 733 712 908 789; x_wconf 49' lang='lat' dir='ltr'><strong>‚Iambon</strong></span> <span class='ocrx_word' id='word_1_21' title='bbox 920 715 1073 815; x_wconf 68' lang='lat' dir='ltr'><strong>qmderu</strong></span> <span class='ocrx_word' id='word_1_22' title='bbox 1090 741 1163 819; x_wconf 84' lang='lat' dir='ltr'><strong>ego</strong></span> <span class='ocrx_word' id='word_1_23' title='bbox 1176 743 1239 794; x_wconf 81' lang='lat' dir='ltr'><strong>ue·</strong></span> 
     </span>
     <span class='ocr_line' id='line_1_5' title="bbox 153 812 1239 920; baseline 0.007 -34"><span class='ocrx_word' id='word_1_24' title='bbox 153 838 241 914; x_wconf 72' lang='lat' dir='ltr'><strong>gare</strong></span> <span class='ocrx_word' id='word_1_25' title='bbox 256 812 394 907; x_wconf 75' lang='lat' dir='ltr'><strong>atesim,</strong></span> <span class='ocrx_word' id='word_1_26' title='bbox 414 813 504 889; x_wconf 82' lang='lat' dir='ltr'><strong>utile</strong></span> <span class='ocrx_word' id='word_1_27' title='bbox 525 841 623 908; x_wconf 84' lang='lat' dir='ltr'><strong>esse,</strong></span> <span class='ocrx_word' id='word_1_28' title='bbox 638 857 641 867; x_wconf 94' lang='lat'>·</span> <span class='ocrx_word' id='word_1_29' title='bbox 658 835 696 891; x_wconf 88' lang='lat' dir='ltr'><strong>vt</strong></span> <span class='ocrx_word' id='word_1_30' title='bbox 718 812 764 891; x_wconf 92' lang='lat' dir='ltr'><strong>de</strong></span> <span class='ocrx_word' id='word_1_31' title='bbox 790 843 973 920; x_wconf 58' lang='lat' dir='ltr'><strong>reptquae</strong></span> <span class='ocrx_word' id='word_1_32' title='bbox 992 820 1134 895; x_wconf 68' lang='lat' dir='ltr'><strong>iatn&#39;ab</strong></span> <span class='ocrx_word' id='word_1_33' title='bbox 1162 820 1239 894; x_wconf 83' lang='lat' dir='ltr'><strong>aliis</strong></span> 
     </span>
     <span class='ocr_line' id='line_1_6' title="bbox 153 915 1239 1028; baseline 0.006 -37"><span class='ocrx_word' id='word_1_34' title='bbox 153 920 248 993; x_wconf 82' lang='lat' dir='ltr'><strong>bene</strong></span> <span class='ocrx_word' id='word_1_35' title='bbox 265 915 396 997; x_wconf 83' lang='lat' dir='ltr'><strong>tradita</strong></span> <span class='ocrx_word' id='word_1_36' title='bbox 410 917 473 1012; x_wconf 88' lang='lat' dir='ltr'><strong>sit,</strong></span> <span class='ocrx_word' id='word_1_37' title='bbox 500 945 574 994; x_wconf 91' lang='lat' dir='ltr'><strong>non</strong></span> <span class='ocrx_word' id='word_1_38' title='bbox 591 917 715 1028; x_wconf 75' lang='lat' dir='ltr'><strong>denuo</strong></span> <span class='ocrx_word' id='word_1_39' title='bbox 731 920 854 995; x_wconf 81' lang='lat' dir='ltr'><strong>multis</strong></span> <span class='ocrx_word' id='word_1_40' title='bbox 878 921 1099 1022; x_wconf 75' lang='lat' dir='ltr'><strong>exponatur,</strong></span> <span class='ocrx_word' id='word_1_41' title='bbox 1124 942 1167 999; x_wconf 82' lang='lat' dir='ltr'><strong>et</strong></span> <span class='ocrx_word' id='word_1_42' title='bbox 1186 925 1239 997; x_wconf 85' lang='lat' dir='ltr'><strong>le·</strong></span> 
     </span>
     <span class='ocr_line' id='line_1_7' title="bbox 152 1021 1238 1127; baseline 0.001 -30"><span class='ocrx_word' id='word_1_43' title='bbox 152 1041 272 1097; x_wconf 75' lang='lat' dir='ltr'><strong>stores</strong></span> <span class='ocrx_word' id='word_1_44' title='bbox 285 1021 408 1119; x_wconf 86' lang='lat' dir='ltr'><strong>potius</strong></span> <span class='ocrx_word' id='word_1_45' title='bbox 427 1021 659 1124; x_wconf 65' lang='lat' dir='ltr'><strong>remittantur·</strong></span> <span class='ocrx_word' id='word_1_46' title='bbox 671 1022 731 1118; x_wconf 71' lang='lat' dir='ltr'><strong>&#39;ud</strong></span> <span class='ocrx_word' id='word_1_47' title='bbox 747 1027 876 1120; x_wconf 72' lang='lat' dir='ltr'><strong>eorum</strong></span> <span class='ocrx_word' id='word_1_48' title='bbox 890 1023 1043 1122; x_wconf 79' lang='lat' dir='ltr'><strong>sdripta,</strong></span> <span class='ocrx_word' id='word_1_49' title='bbox 1074 1025 1148 1127; x_wconf 88' lang='lat' dir='ltr'><strong>qui·</strong></span> <span class='ocrx_word' id='word_1_50' title='bbox 1159 1045 1238 1102; x_wconf 81' lang='lat' dir='ltr'><strong>rent</strong></span> 
     </span>
     <span class='ocr_line' id='line_1_8' title="bbox 153 1123 1238 1203; baseline 0.006 -7"><span class='ocrx_word' id='word_1_51' title='bbox 153 1124 252 1198; x_wconf 86' lang='lat' dir='ltr'><strong>illam</strong></span> <span class='ocrx_word' id='word_1_52' title='bbox 273 1143 375 1199; x_wconf 89' lang='lat' dir='ltr'><strong>recte</strong></span> <span class='ocrx_word' id='word_1_53' title='bbox 399 1123 602 1203; x_wconf 81' lang='lat' dir='ltr'><strong>docuerint.</strong></span> <span class='ocrx_word' id='word_1_54' title='bbox 663 1124 738 1199; x_wconf 87' lang='lat' dir='ltr'><strong>Sed</strong></span> <span class='ocrx_word' id='word_1_55' title='bbox 761 1153 884 1202; x_wconf 86' lang='lat' dir='ltr'><strong>nonne</strong></span> <span class='ocrx_word' id='word_1_56' title='bbox 906 1129 1034 1203; x_wconf 90' lang='lat' dir='ltr'><strong>melius</strong></span> <span class='ocrx_word' id='word_1_57' title='bbox 1055 1128 1238 1203; x_wconf 87' lang='lat' dir='ltr'><strong>lectorum</strong></span> 
     </span>
     <span class='ocr_line' id='line_1_9' title="bbox 108 1227 1238 1331; baseline 0.003 -29"><span class='ocrx_word' id='word_1_58' title='bbox 108 1235 112 1254; x_wconf 89' lang='lat'>&#39;</span> <span class='ocrx_word' id='word_1_59' title='bbox 152 1227 292 1302; x_wconf 83' lang='lat' dir='ltr'><strong>utilitati</strong></span> <span class='ocrx_word' id='word_1_60' title='bbox 307 1229 527 1322; x_wconf 75' lang='lat' dir='ltr'><strong>consulitur,</strong></span> <span class='ocrx_word' id='word_1_61' title='bbox 555 1229 585 1302; x_wconf 90' lang='lat' dir='ltr'><strong>si</strong></span> <span class='ocrx_word' id='word_1_62' title='bbox 597 1227 786 1307; x_wconf 86' lang='lat' dir='ltr'><strong>laudemus</strong></span> <span class='ocrx_word' id='word_1_63' title='bbox 810 1257 920 1305; x_wconf 84' lang='lat' dir='ltr'><strong>vnum</strong></span> <span class='ocrx_word' id='word_1_64' title='bbox 945 1253 1053 1331; x_wconf 91' lang='lat' dir='ltr'><strong>atque</strong></span> <span class='ocrx_word' id='word_1_65' title='bbox 1077 1231 1163 1306; x_wconf 88' lang='lat' dir='ltr'><strong>item</strong></span> <span class='ocrx_word' id='word_1_66' title='bbox 1187 1233 1238 1305; x_wconf 88' lang='lat' dir='ltr'><strong>al·</strong></span> 
     </span>
     <span class='ocr_line' id='line_1_10' title="bbox 152 1328 1238 1435; baseline 0.004 -33"><span class='ocrx_word' id='word_1_67' title='bbox 152 1343 273 1407; x_wconf 86' lang='lat' dir='ltr'><strong>terum</strong></span> <span class='ocrx_word' id='word_1_68' title='bbox 296 1328 343 1403; x_wconf 90' lang='lat' dir='ltr'><strong>de</strong></span> <span class='ocrx_word' id='word_1_69' title='bbox 364 1351 578 1434; x_wconf 86' lang='lat' dir='ltr'><strong>argumento</strong></span> <span class='ocrx_word' id='word_1_70' title='bbox 599 1333 787 1433; x_wconf 88' lang='lat' dir='ltr'><strong>proposito</strong></span> <span class='ocrx_word' id='word_1_71' title='bbox 802 1332 957 1430; x_wconf 88' lang='lat' dir='ltr'><strong>librum,</strong></span> <span class='ocrx_word' id='word_1_72' title='bbox 992 1362 1100 1435; x_wconf 89' lang='lat' dir='ltr'><strong>quam</strong></span> <span class='ocrx_word' id='word_1_73' title='bbox 1121 1334 1151 1406; x_wconf 90' lang='lat' dir='ltr'><strong>si</strong></span> <span class='ocrx_word' id='word_1_74' title='bbox 1172 1334 1238 1408; x_wconf 89' lang='lat' dir='ltr'><strong>im·</strong></span> 
     </span>
     <span class='ocr_line' id='line_1_11' title="bbox 151 1433 1238 1536; baseline 0.005 -30"><span class='ocrx_word' id='word_1_75' title='bbox 151 1461 311 1508; x_wconf 83' lang='lat' dir='ltr'><strong>mensam</strong></span> <span class='ocrx_word' id='word_1_76' title='bbox 324 1433 517 1529; x_wconf 82' lang='lat' dir='ltr'><strong>librorum,</strong></span> <span class='ocrx_word' id='word_1_77' title='bbox 542 1462 635 1535; x_wconf 92' lang='lat' dir='ltr'><strong>quos</strong></span> <span class='ocrx_word' id='word_1_78' title='bbox 649 1459 837 1535; x_wconf 87' lang='lat' dir='ltr'><strong>nunquam</strong></span> <span class='ocrx_word' id='word_1_79' title='bbox 853 1434 1026 1531; x_wconf 83' lang='lat' dir='ltr'><strong>vidimus,</strong></span> <span class='ocrx_word' id='word_1_80' title='bbox 1053 1438 1194 1536; x_wconf 88' lang='lat' dir='ltr'><strong>copiam</strong></span> <span class='ocrx_word' id='word_1_81' title='bbox 1217 1465 1238 1511; x_wconf 88' lang='lat' dir='ltr'><strong>e</strong></span> 
     </span>
     <span class='ocr_line' id='line_1_12' title="bbox 152 1535 1253 1639; baseline -0.001 -29"><span class='ocrx_word' id='word_1_82' title='bbox 152 1537 275 1610; x_wconf 88' lang='lat' dir='ltr'><strong>diariis</strong></span> <span class='ocrx_word' id='word_1_83' title='bbox 292 1557 328 1610; x_wconf 89' lang='lat' dir='ltr'><strong>et</strong></span> <span class='ocrx_word' id='word_1_84' title='bbox 342 1537 428 1612; x_wconf 89' lang='lat' dir='ltr'><strong>actis</strong></span> <span class='ocrx_word' id='word_1_85' title='bbox 445 1538 623 1620; x_wconf 81' lang='lat' dir='ltr'><strong>litterariis</strong></span> <span class='ocrx_word' id='word_1_86' title='bbox 637 1538 886 1632; x_wconf 85' lang='lat' dir='ltr'><strong>corradamus‘,</strong></span> <span class='ocrx_word' id='word_1_87' title='bbox 926 1560 962 1614; x_wconf 88' lang='lat' dir='ltr'><strong>et</strong></span> <span class='ocrx_word' id='word_1_88' title='bbox 984 1539 1062 1614; x_wconf 86' lang='lat' dir='ltr'><strong>sine</strong></span> <span class='ocrx_word' id='word_1_89' title='bbox 1083 1540 1157 1615; x_wconf 87' lang='lat' dir='ltr'><strong>vllo</strong></span> <span class='ocrx_word' id='word_1_90' title='bbox 1182 1535 1253 1639; x_wconf 64' lang='lat' dir='ltr'><strong>ip·</strong></span> 
     </span>
     <span class='ocr_line' id='line_1_13' title="bbox 152 1639 1237 1735; baseline 0.001 -23"><span class='ocrx_word' id='word_1_91' title='bbox 152 1639 266 1732; x_wconf 88' lang='lat' dir='ltr'><strong>dicio,</strong></span> <span class='ocrx_word' id='word_1_92' title='bbox 294 1639 341 1714; x_wconf 89' lang='lat' dir='ltr'><strong>ad</strong></span> <span class='ocrx_word' id='word_1_93' title='bbox 365 1642 477 1715; x_wconf 90' lang='lat' dir='ltr'><strong>solam</strong></span> <span class='ocrx_word' id='word_1_94' title='bbox 512 1669 683 1716; x_wconf 87' lang='lat' dir='ltr'><strong>manuum</strong></span> <span class='ocrx_word' id='word_1_95' title='bbox 714 1641 913 1718; x_wconf 81' lang='lat' dir='ltr'><strong>industriae</strong></span> <span class='ocrx_word' id='word_1_96' title='bbox 947 1644 1237 1735; x_wconf 82' lang='lat' dir='ltr'><strong>ostentationem,</strong></span> 
     </span>
     <span class='ocr_line' id='line_1_14' title="bbox 151 1742 1236 1840; baseline -0.001 -22"><span class='ocrx_word' id='word_1_97' title='bbox 151 1742 298 1818; x_wconf 88' lang='lat' dir='ltr'><strong>lectoris</strong></span> <span class='ocrx_word' id='word_1_98' title='bbox 315 1744 428 1818; x_wconf 92' lang='lat' dir='ltr'><strong>oculis</strong></span> <span class='ocrx_word' id='word_1_99' title='bbox 442 1743 699 1819; x_wconf 83' lang='lat' dir='ltr'><strong>subiiciamus?</strong></span> <span class='ocrx_word' id='word_1_100' title='bbox 722 1744 858 1821; x_wconf 87' lang='lat' dir='ltr'><strong>Nonne</strong></span> <span class='ocrx_word' id='word_1_101' title='bbox 879 1745 979 1820; x_wconf 90' lang='lat' dir='ltr'><strong>aliud</strong></span> <span class='ocrx_word' id='word_1_102' title='bbox 1001 1767 1074 1840; x_wconf 89' lang='lat' dir='ltr'><strong>est,</strong></span> <span class='ocrx_word' id='word_1_103' title='bbox 1108 1750 1236 1820; x_wconf 82' lang='lat' dir='ltr'><strong>afferre</strong></span> 
     </span>
     <span class='ocr_line' id='line_1_15' title="bbox 151 1843 1236 1948; baseline -0.001 -28"><span class='ocrx_word' id='word_1_104' title='bbox 151 1873 244 1944; x_wconf 88' lang='lat' dir='ltr'><strong>quae</strong></span> <span class='ocrx_word' id='word_1_105' title='bbox 258 1843 305 1922; x_wconf 88' lang='lat' dir='ltr'><strong>ad</strong></span> <span class='ocrx_word' id='word_1_106' title='bbox 320 1872 399 1920; x_wconf 87' lang='lat' dir='ltr'><strong>retn</strong></span> <span class='ocrx_word' id='word_1_107' title='bbox 417 1845 639 1948; x_wconf 86' lang='lat' dir='ltr'><strong>propositam</strong></span> <span class='ocrx_word' id='word_1_108' title='bbox 663 1844 803 1922; x_wconf 79' lang='lat' dir='ltr'><strong>facilins</strong></span> <span class='ocrx_word' id='word_1_109' title='bbox 828 1868 864 1922; x_wconf 91' lang='lat' dir='ltr'><strong>et</strong></span> <span class='ocrx_word' id='word_1_110' title='bbox 880 1848 1011 1937; x_wconf 79' lang='lat' dir='ltr'><strong>melius</strong></span> <span class='ocrx_word' id='word_1_111' title='bbox 1034 1848 1236 1922; x_wconf 80' lang='lat' dir='ltr'><strong>intellioen·</strong></span> 
     </span>
     <span class='ocr_line' id='line_1_16' title="bbox 150 1909 1237 2050; baseline 0 -26"><span class='ocrx_word' id='word_1_112' title='bbox 150 1949 235 2024; x_wconf 88' lang='lat' dir='ltr'><strong>darn</strong></span> <span class='ocrx_word' id='word_1_113' title='bbox 265 1948 416 2045; x_wconf 85' lang='lat' dir='ltr'><strong>saciant,</strong></span> <span class='ocrx_word' id='word_1_114' title='bbox 442 1948 560 2041; x_wconf 88' lang='lat' dir='ltr'><strong>aliud,</strong></span> <span class='ocrx_word' id='word_1_115' title='bbox 595 1948 898 2050; x_wconf 78' lang='lat' dir='ltr'><strong>bibliographiam</strong></span> <span class='ocrx_word' id='word_1_116' title='bbox 917 1950 1105 2026; x_wconf 85' lang='lat' dir='ltr'><strong>condere?</strong></span> <span class='ocrx_word' id='word_1_117' title='bbox 1143 1909 1237 2039; x_wconf 71' lang='grc' dir='ltr'><strong>ὃιιίε</strong></span> 
     </span>
     <span class='ocr_line' id='line_1_17' title="bbox 149 2051 1237 2155; baseline 0 -27"><span class='ocrx_word' id='word_1_118' title='bbox 149 2079 183 2128; x_wconf 83' lang='lat' dir='ltr'><strong>v.</strong></span> <span class='ocrx_word' id='word_1_119' title='bbox 199 2077 230 2130; x_wconf 90' lang='lat' dir='ltr'><strong>c.</strong></span> <span class='ocrx_word' id='word_1_120' title='bbox 246 2051 294 2126; x_wconf 85' lang='lat' dir='ltr'><strong>ed</strong></span> <span class='ocrx_word' id='word_1_121' title='bbox 305 2053 433 2154; x_wconf 79' lang='lat' dir='ltr'><strong>fragm.</strong></span> <span class='ocrx_word' id='word_1_122' title='bbox 449 2053 565 2128; x_wconf 83' lang='lat' dir='ltr'><strong>L&#39;Xll·</strong></span> <span class='ocrx_word' id='word_1_123' title='bbox 580 2083 615 2152; x_wconf 86' lang='lat' dir='ltr'><strong>p.</strong></span> <span class='ocrx_word' id='word_1_124' title='bbox 633 2064 694 2133; x_wconf 79' lang='lat'><strong>92.</strong></span> <span class='ocrx_word' id='word_1_125' title='bbox 711 2081 790 2155; x_wconf 88' lang='lat' dir='ltr'>sqq.</span> <span class='ocrx_word' id='word_1_126' title='bbox 803 2053 1019 2128; x_wconf 79' lang='lat' dir='ltr'><strong>desiderabit</strong></span> <span class='ocrx_word' id='word_1_127' title='bbox 1037 2056 1237 2153; x_wconf 70' lang='lat' dir='ltr'><strong>(chffelir)</strong></span> 
     </span>
     <span class='ocr_line' id='line_1_18' title="bbox 148 2156 1235 2257; baseline -0.004 -23"><span class='ocrx_word' id='word_1_128' title='bbox 148 2159 379 2254; x_wconf 81' lang='lat' dir='ltr'><strong>Apologiam</strong></span> <span class='ocrx_word' id='word_1_129' title='bbox 408 2162 686 2253; x_wconf 71' lang='lat' dir='ltr'><strong>Sardanapali,</strong></span> <span class='ocrx_word' id='word_1_130' title='bbox 726 2184 819 2257; x_wconf 88' lang='lat' dir='ltr'><strong>quae</strong></span> <span class='ocrx_word' id='word_1_131' title='bbox 845 2178 939 2232; x_wconf 86' lang='lat' dir='ltr'><strong>extat</strong></span> <span class='ocrx_word' id='word_1_132' title='bbox 964 2156 1002 2230; x_wconf 90' lang='lat' dir='ltr'><strong>in</strong></span> <span class='ocrx_word' id='word_1_133' title='bbox 1026 2157 1235 2231; x_wconf 85' lang='lat' dir='ltr'><strong>Obseruatt.</strong></span> 
     </span>
     <span class='ocr_line' id='line_1_19' title="bbox 149 2257 1314 2361; baseline 0.008 -34"><span class='ocrx_word' id='word_1_134' title='bbox 149 2259 291 2331; x_wconf 84' lang='lat' dir='ltr'><strong>selectis</strong></span> <span class='ocrx_word' id='word_1_135' title='bbox 313 2257 453 2334; x_wconf 87' lang='lat' dir='ltr'><strong>adrem</strong></span> <span class='ocrx_word' id='word_1_136' title='bbox 473 2259 684 2336; x_wconf 84' lang='lat' dir='ltr'><strong>litterariam</strong></span> <span class='ocrx_word' id='word_1_137' title='bbox 708 2264 970 2361; x_wconf 81' lang='lat' dir='ltr'><strong>spectantibus,</strong></span> <span class='ocrx_word' id='word_1_138' title='bbox 1005 2260 1050 2335; x_wconf 92' lang='lat' dir='ltr'><strong>T.</strong></span> <span class='ocrx_word' id='word_1_139' title='bbox 1071 2260 1118 2332; x_wconf 89' lang='lat' dir='ltr'><strong>X.</strong></span> <span class='ocrx_word' id='word_1_140' title='bbox 1135 2259 1233 2347; x_wconf 90' lang='lat' dir='ltr'><strong>(Hal.</strong></span> <span class='ocrx_word' id='word_1_141' title='bbox 1307 2325 1314 2336; x_wconf 73' lang='grc'><strong><em>,</em></strong></span> 
     </span>
     <span class='ocr_line' id='line_1_20' title="bbox 151 2361 1235 2465; baseline 0.001 -30"><span class='ocrx_word' id='word_1_142' title='bbox 151 2365 252 2438; x_wconf 85' lang='grc'><strong>1705</strong></span> <span class='ocrx_word' id='word_1_143' title='bbox 280 2371 332 2454; x_wconf 82' lang='lat'><strong>8.)</strong></span> <span class='ocrx_word' id='word_1_144' title='bbox 344 2391 380 2461; x_wconf 84' lang='lat' dir='ltr'><strong>p.</strong></span> <span class='ocrx_word' id='word_1_145' title='bbox 396 2370 626 2441; x_wconf 64' lang='lat'><strong>398--424</strong></span> <span class='ocrx_word' id='word_1_146' title='bbox 678 2364 757 2465; x_wconf 86' lang='lat' dir='ltr'><strong>Ego</strong></span> <span class='ocrx_word' id='word_1_147' title='bbox 783 2384 879 2437; x_wconf 87' lang='lat' dir='ltr'><strong>certe</strong></span> <span class='ocrx_word' id='word_1_148' title='bbox 905 2363 997 2438; x_wconf 85' lang='lat' dir='ltr'><strong>adeo</strong></span> <span class='ocrx_word' id='word_1_149' title='bbox 1018 2361 1109 2436; x_wconf 87' lang='lat' dir='ltr'><strong>nihil</strong></span> <span class='ocrx_word' id='word_1_150' title='bbox 1129 2389 1172 2435; x_wconf 86' lang='lat' dir='ltr'><strong>ex</strong></span> <span class='ocrx_word' id='word_1_151' title='bbox 1193 2389 1235 2436; x_wconf 89' lang='lat' dir='ltr'><strong>ea</strong></span> 
     </span>
     <span class='ocr_line' id='line_1_21' title="bbox 108 2457 1234 2565; baseline 0.003 -31"><span class='ocrx_word' id='word_1_152' title='bbox 108 2457 112 2470; x_wconf 83' lang='grc'>’</span> <span class='ocrx_word' id='word_1_153' title='bbox 149 2465 311 2563; x_wconf 85' lang='lat' dir='ltr'><strong>profeci,</strong></span> <span class='ocrx_word' id='word_1_154' title='bbox 344 2473 383 2542; x_wconf 76' lang='lat' dir='ltr'><strong>ut</strong></span> <span class='ocrx_word' id='word_1_155' title='bbox 402 2493 481 2539; x_wconf 85' lang='lat' dir='ltr'><strong>earn</strong></span> <span class='ocrx_word' id='word_1_156' title='bbox 503 2485 600 2543; x_wconf 74' lang='lat' dir='ltr'><strong>recte</strong></span> <span class='ocrx_word' id='word_1_157' title='bbox 622 2462 712 2539; x_wconf 87' lang='lat' dir='ltr'><strong>mihi</strong></span> <span class='ocrx_word' id='word_1_158' title='bbox 732 2466 852 2541; x_wconf 84' lang='lat' dir='ltr'><strong>videar</strong></span> <span class='ocrx_word' id='word_1_159' title='bbox 874 2465 1018 2541; x_wconf 88' lang='lat' dir='ltr'><strong>silentio</strong></span> <span class='ocrx_word' id='word_1_160' title='bbox 1039 2466 1234 2565; x_wconf 88' lang='lat' dir='ltr'><strong>praeterire</strong></span> 
     </span>
     <span class='ocr_line' id='line_1_22' title="bbox 113 2567 1235 2669; baseline 0.001 -31"><span class='ocrx_word' id='word_1_161' title='bbox 113 2653 118 2660; x_wconf 26' lang='lat'>¹</span> <span class='ocrx_word' id='word_1_162' title='bbox 150 2568 318 2664; x_wconf 82' lang='lat' dir='ltr'><strong>potuisse.</strong></span> <span class='ocrx_word' id='word_1_163' title='bbox 346 2568 499 2669; x_wconf 87' lang='lat' dir='ltr'><strong>·Itaque</strong></span> <span class='ocrx_word' id='word_1_164' title='bbox 521 2596 839 2668; x_wconf 82' lang='lat' dir='ltr'><strong>quanquamcutn</strong></span> <span class='ocrx_word' id='word_1_165' title='bbox 861 2569 982 2643; x_wconf 89' lang='lat' dir='ltr'><strong>multis</strong></span> <span class='ocrx_word' id='word_1_166' title='bbox 1006 2570 1093 2645; x_wconf 83' lang='lat' dir='ltr'><strong>viris</strong></span> <span class='ocrx_word' id='word_1_167' title='bbox 1115 2567 1235 2668; x_wconf 83' lang='lat' dir='ltr'><strong>graui·</strong></span> 
     </span>
     <span class='ocr_line' id='line_1_23' title="bbox 148 2670 1235 2773; baseline 0.001 -31"><span class='ocrx_word' id='word_1_168' title='bbox 148 2670 217 2743; x_wconf 89' lang='lat' dir='ltr'><strong>bus</strong></span> <span class='ocrx_word' id='word_1_169' title='bbox 242 2693 279 2746; x_wconf 88' lang='lat' dir='ltr'><strong>et</strong></span> <span class='ocrx_word' id='word_1_170' title='bbox 304 2696 388 2747; x_wconf 79' lang='lat' dir='ltr'><strong>uere</strong></span> <span class='ocrx_word' id='word_1_171' title='bbox 414 2671 564 2746; x_wconf 84' lang='lat' dir='ltr'><strong>eruditis</strong></span> <span class='ocrx_word' id='word_1_172' title='bbox 590 2672 776 2773; x_wconf 81' lang='lat' dir='ltr'><strong>pessimam</strong></span> <span class='ocrx_word' id='word_1_173' title='bbox 802 2673 905 2748; x_wconf 88' lang='lat' dir='ltr'><strong>istam</strong></span> <span class='ocrx_word' id='word_1_174' title='bbox 935 2671 1235 2749; x_wconf 85' lang='lat' dir='ltr'><strong>consuetudinem</strong></span> 
     </span>
     <span class='ocr_line' id='line_1_24' title="bbox 150 2771 1233 2876; baseline 0.002 -31"><span class='ocrx_word' id='word_1_175' title='bbox 150 2773 257 2870; x_wconf 71' lang='lat' dir='ltr'><strong>palene</strong></span> <span class='ocrx_word' id='word_1_176' title='bbox 278 2773 432 2850; x_wconf 86' lang='lat' dir='ltr'><strong>damno:-</strong></span> <span class='ocrx_word' id='word_1_177' title='bbox 455 2796 578 2859; x_wconf 80' lang='lat' dir='ltr'><strong>temen</strong></span> <span class='ocrx_word' id='word_1_178' title='bbox 601 2774 675 2851; x_wconf 89' lang='lat' dir='ltr'><strong>hoc</strong></span> <span class='ocrx_word' id='word_1_179' title='bbox 700 2775 735 2848; x_wconf 89' lang='lat' dir='ltr'><strong>ei</strong></span> <span class='ocrx_word' id='word_1_180' title='bbox 757 2775 920 2852; x_wconf 88' lang='lat' dir='ltr'><strong>dandum</strong></span> <span class='ocrx_word' id='word_1_181' title='bbox 940 2776 1086 2876; x_wconf 87' lang='lat' dir='ltr'><strong>putaui,</strong></span> <span class='ocrx_word' id='word_1_182' title='bbox 1120 2793 1159 2850; x_wconf 88' lang='lat' dir='ltr'><strong>vt</strong></span> <span class='ocrx_word' id='word_1_183' title='bbox 1186 2771 1233 2861; x_wconf 85' lang='lat' dir='ltr'><strong>de</strong></span> 
     </span>
    </p>

    <p class='ocr_par' dir='ltr' id='par_1_3' title="bbox 86 2871 1327 4216">
     <span class='ocr_line' id='line_1_25' title="bbox 86 2871 1294 2980; baseline 0.001 -33"><span class='ocrx_word' id='word_1_184' title='bbox 86 2903 91 2913; x_wconf 65' lang='grc'><strong>“</strong></span> <span class='ocrx_word' id='word_1_185' title='bbox 150 2878 338 2952; x_wconf 86' lang='lat' dir='ltr'><strong>nonnullis</strong></span> <span class='ocrx_word' id='word_1_186' title='bbox 363 2881 491 2970; x_wconf 86' lang='lat' dir='ltr'><strong>rebus,</strong></span> <span class='ocrx_word' id='word_1_187' title='bbox 523 2878 764 2978; x_wconf 67' lang='lat' dir='ltr'><strong>tanquam‘de</strong></span> <span class='ocrx_word' id='word_1_188' title='bbox 786 2878 1004 2980; x_wconf 81' lang='lat' dir='ltr'><strong>Areopago,</strong></span> <span class='ocrx_word' id='word_1_189' title='bbox 1049 2875 1095 2952; x_wconf 90' lang='lat' dir='ltr'><strong>de</strong></span> <span class='ocrx_word' id='word_1_190' title='bbox 1117 2873 1233 2950; x_wconf 61' lang='lat' dir='ltr'><strong>eunuss</strong></span> <span class='ocrx_word' id='word_1_191' title='bbox 1292 2871 1294 2882; x_wconf 83' lang='grc'><strong>’</strong></span> 
     </span>
     <span class='ocr_line' id='line_1_26' title="bbox 148 2976 1232 3081; baseline -0.002 -29"><span class='ocrx_word' id='word_1_192' title='bbox 148 2976 247 3074; x_wconf 70' lang='lat' dir='ltr'><strong>chia,</strong></span> <span class='ocrx_word' id='word_1_193' title='bbox 273 3008 304 3055; x_wconf 90' lang='lat' dir='ltr'><strong>e.</strong></span> <span class='ocrx_word' id='word_1_194' title='bbox 327 3008 354 3055; x_wconf 85' lang='lat' dir='ltr'><strong>s.</strong></span> <span class='ocrx_word' id='word_1_195' title='bbox 378 3009 415 3080; x_wconf 89' lang='lat' dir='ltr'><strong>p.</strong></span> <span class='ocrx_word' id='word_1_196' title='bbox 439 2980 485 3054; x_wconf 89' lang='lat' dir='ltr'><strong>de</strong></span> <span class='ocrx_word' id='word_1_197' title='bbox 507 2981 641 3081; x_wconf 86' lang='lat' dir='ltr'><strong>quibus</strong></span> <span class='ocrx_word' id='word_1_198' title='bbox 662 2981 771 3054; x_wconf 88' lang='lat' dir='ltr'><strong>multi</strong></span> <span class='ocrx_word' id='word_1_199' title='bbox 792 2980 878 3060; x_wconf 81' lang='lat' dir='ltr'><strong>libri</strong></span> <span class='ocrx_word' id='word_1_200' title='bbox 899 2981 1086 3080; x_wconf 86' lang='lat' dir='ltr'><strong>praeclare</strong></span> <span class='ocrx_word' id='word_1_201' title='bbox 1106 2977 1232 3078; x_wconf 83' lang='lat' dir='ltr'><strong>scripti</strong></span> 
     </span>
     <span class='ocr_line' id='line_1_27' title="bbox 149 3079 1231 3185; baseline -0.001 -29"><span class='ocrx_word' id='word_1_202' title='bbox 149 3104 287 3176; x_wconf 79' lang='lat' dir='ltr'><strong>extant,</strong></span> <span class='ocrx_word' id='word_1_203' title='bbox 312 3084 438 3185; x_wconf 88' lang='lat' dir='ltr'><strong>plures</strong></span> <span class='ocrx_word' id='word_1_204' title='bbox 450 3085 652 3178; x_wconf 86' lang='lat' dir='ltr'><strong>laudarem,</strong></span> <span class='ocrx_word' id='word_1_205' title='bbox 676 3110 787 3184; x_wconf 87' lang='lat' dir='ltr'><strong>quam</strong></span> <span class='ocrx_word' id='word_1_206' title='bbox 801 3109 927 3157; x_wconf 85' lang='lat' dir='ltr'><strong>reuera</strong></span> <span class='ocrx_word' id='word_1_207' title='bbox 940 3080 1030 3156; x_wconf 87' lang='lat' dir='ltr'><strong>mihi</strong></span> <span class='ocrx_word' id='word_1_208' title='bbox 1042 3079 1134 3181; x_wconf 88' lang='lat' dir='ltr'><strong>opus</strong></span> <span class='ocrx_word' id='word_1_209' title='bbox 1155 3107 1231 3174; x_wconf 84' lang='lat' dir='ltr'><strong>esse</strong></span> 
     </span>
     <span class='ocr_line' id='line_1_28' title="bbox 149 3183 1230 3287; baseline -0.006 -26"><span class='ocrx_word' id='word_1_210' title='bbox 149 3185 343 3261; x_wconf 86' lang='lat' dir='ltr'><strong>videretur.</strong></span> <span class='ocrx_word' id='word_1_211' title='bbox 396 3186 593 3287; x_wconf 88' lang='lat' dir='ltr'><strong>Nunquam</strong></span> <span class='ocrx_word' id='word_1_212' title='bbox 607 3213 711 3279; x_wconf 87' lang='lat' dir='ltr'><strong>vero,</strong></span> <span class='ocrx_word' id='word_1_213' title='bbox 738 3185 807 3261; x_wconf 86' lang='lat' dir='ltr'><strong>nisi</strong></span> <span class='ocrx_word' id='word_1_214' title='bbox 819 3185 879 3262; x_wconf 84' lang='lat' dir='ltr'><strong>vbi</strong></span> <span class='ocrx_word' id='word_1_215' title='bbox 895 3183 934 3260; x_wconf 90' lang='lat' dir='ltr'><strong>id</strong></span> <span class='ocrx_word' id='word_1_216' title='bbox 949 3185 1081 3262; x_wconf 89' lang='lat' dir='ltr'><strong>diserte</strong></span> <span class='ocrx_word' id='word_1_217' title='bbox 1095 3183 1230 3277; x_wconf 88' lang='lat' dir='ltr'><strong>addidi,</strong></span> 
     </span>
     <span class='ocr_line' id='line_1_29' title="bbox 147 3287 1231 3389; baseline 0 -29"><span class='ocrx_word' id='word_1_218' title='bbox 147 3289 295 3363; x_wconf 83' lang='lat' dir='ltr'><strong>laudaui</strong></span> <span class='ocrx_word' id='word_1_219' title='bbox 305 3290 438 3365; x_wconf 83' lang='lat' dir='ltr'><strong>librum</strong></span> <span class='ocrx_word' id='word_1_220' title='bbox 455 3290 635 3389; x_wconf 86' lang='lat' dir='ltr'><strong>aliquem,</strong></span> <span class='ocrx_word' id='word_1_221' title='bbox 672 3315 784 3389; x_wconf 87' lang='lat' dir='ltr'><strong>quem</strong></span> <span class='ocrx_word' id='word_1_222' title='bbox 803 3318 879 3365; x_wconf 88' lang='lat' dir='ltr'><strong>non</strong></span> <span class='ocrx_word' id='word_1_223' title='bbox 899 3289 975 3387; x_wconf 89' lang='lat' dir='ltr'><strong>ipse</strong></span> <span class='ocrx_word' id='word_1_224' title='bbox 992 3287 1160 3363; x_wconf 83' lang='lat' dir='ltr'><strong>vidissem</strong></span> <span class='ocrx_word' id='word_1_225' title='bbox 1178 3308 1231 3360; x_wconf 87' lang='lat' dir='ltr'><strong>at·</strong></span> 
     </span>
     <span class='ocr_line' id='line_1_30' title="bbox 148 3387 1230 3494; baseline -0.005 -28"><span class='ocrx_word' id='word_1_226' title='bbox 148 3418 218 3490; x_wconf 91' lang='lat' dir='ltr'><strong>que</strong></span> <span class='ocrx_word' id='word_1_227' title='bbox 234 3393 408 3494; x_wconf 84' lang='lat' dir='ltr'><strong>legissem.</strong></span> <span class='ocrx_word' id='word_1_228' title='bbox 470 3392 566 3469; x_wconf 88' lang='lat' dir='ltr'><strong>Nolo</strong></span> <span class='ocrx_word' id='word_1_229' title='bbox 590 3392 686 3468; x_wconf 90' lang='lat' dir='ltr'><strong>enim</strong></span> <span class='ocrx_word' id='word_1_230' title='bbox 711 3393 830 3468; x_wconf 86' lang='lat' dir='ltr'><strong>omnia</strong></span> <span class='ocrx_word' id='word_1_231' title='bbox 851 3391 943 3466; x_wconf 88' lang='lat' dir='ltr'><strong>scire</strong></span> <span class='ocrx_word' id='word_1_232' title='bbox 967 3413 1075 3492; x_wconf 87' lang='lat' dir='ltr'><strong>atque</strong></span> <span class='ocrx_word' id='word_1_233' title='bbox 1098 3391 1136 3465; x_wconf 93' lang='lat' dir='ltr'><strong>le</strong></span> <span class='ocrx_word' id='word_1_234' title='bbox 1158 3387 1230 3462; x_wconf 64' lang='lat' dir='ltr'><strong>“sse</strong></span> 
     </span>
     <span class='ocr_line' id='line_1_31' title="bbox 149 3419 1230 3595; baseline -0.004 -27"><span class='ocrx_word' id='word_1_235' title='bbox 149 3494 271 3570; x_wconf 89' lang='lat' dir='ltr'><strong>videri.</strong></span> <span class='ocrx_word' id='word_1_236' title='bbox 323 3496 364 3570; x_wconf 84' lang='lat' dir='ltr'><strong>Si</strong></span> <span class='ocrx_word' id='word_1_237' title='bbox 376 3517 495 3570; x_wconf 88' lang='lat' dir='ltr'><strong>tamen</strong></span> <span class='ocrx_word' id='word_1_238' title='bbox 509 3496 642 3575; x_wconf 84' lang='lat' dir='ltr'><strong>alicubi</strong></span> <span class='ocrx_word' id='word_1_239' title='bbox 656 3495 791 3570; x_wconf 88' lang='lat' dir='ltr'><strong>librum</strong></span> <span class='ocrx_word' id='word_1_240' title='bbox 807 3494 982 3595; x_wconf 88' lang='lat' dir='ltr'><strong>aliquem,</strong></span> <span class='ocrx_word' id='word_1_241' title='bbox 999 3495 1064 3594; x_wconf 92' lang='lat' dir='ltr'><strong>qui</strong></span> <span class='ocrx_word' id='word_1_242' title='bbox 1078 3419 1230 3566; x_wconf 63' lang='lat' dir='ltr'><strong>laudisn-</strong></span> 
     </span>
     <span class='ocr_line' id='line_1_32' title="bbox 148 3595 1282 3701; baseline -0.004 -30"><span class='ocrx_word' id='word_1_243' title='bbox 148 3597 216 3672; x_wconf 88' lang='lat' dir='ltr'><strong>dus</strong></span> <span class='ocrx_word' id='word_1_244' title='bbox 232 3599 377 3694; x_wconf 87' lang='lat' dir='ltr'><strong>luisset,</strong></span> <span class='ocrx_word' id='word_1_245' title='bbox 403 3600 462 3674; x_wconf 86' lang='lat' dir='ltr'><strong>vel</strong></span> <span class='ocrx_word' id='word_1_246' title='bbox 477 3597 647 3701; x_wconf 86' lang='lat' dir='ltr'><strong>ignorans</strong></span> <span class='ocrx_word' id='word_1_247' title='bbox 659 3599 717 3675; x_wconf 84' lang='lat' dir='ltr'><strong>vel</strong></span> <span class='ocrx_word' id='word_1_248' title='bbox 736 3598 872 3673; x_wconf 88' lang='lat' dir='ltr'><strong>oblitus</strong></span> <span class='ocrx_word' id='word_1_249' title='bbox 888 3599 944 3673; x_wconf 87' lang='lat' dir='ltr'><strong>vel</strong></span> <span class='ocrx_word' id='word_1_250' title='bbox 959 3598 1035 3671; x_wconf 81' lang='lat' dir='ltr'><strong>aliis</strong></span> <span class='ocrx_word' id='word_1_251' title='bbox 1051 3597 1096 3670; x_wconf 94' lang='lat' dir='ltr'><strong>de</strong></span> <span class='ocrx_word' id='word_1_252' title='bbox 1114 3595 1229 3669; x_wconf 88' lang='lat' dir='ltr'><strong>causis</strong></span> <span class='ocrx_word' id='word_1_253' title='bbox 1278 3633 1282 3642; x_wconf 94' lang='lat'>·</span> 
     </span>
     <span class='ocr_line' id='line_1_33' title="bbox 142 3697 1229 3803; baseline -0.006 -26"><span class='ocrx_word' id='word_1_254' title='bbox 142 3701 275 3797; x_wconf 85' lang='lat' dir='ltr'><strong>omisi,</strong></span> <span class='ocrx_word' id='word_1_255' title='bbox 305 3729 383 3778; x_wconf 89' lang='lat' dir='ltr'><strong>non</strong></span> <span class='ocrx_word' id='word_1_256' title='bbox 403 3727 537 3802; x_wconf 90' lang='lat' dir='ltr'><strong>respuo</strong></span> <span class='ocrx_word' id='word_1_257' title='bbox 564 3702 695 3777; x_wconf 89' lang='lat' dir='ltr'><strong>iustam</strong></span> <span class='ocrx_word' id='word_1_258' title='bbox 722 3722 759 3774; x_wconf 91' lang='lat' dir='ltr'><strong>et</strong></span> <span class='ocrx_word' id='word_1_259' title='bbox 783 3728 934 3803; x_wconf 88' lang='lat' dir='ltr'><strong>aequam</strong></span> <span class='ocrx_word' id='word_1_260' title='bbox 951 3697 1229 3779; x_wconf 87' lang='lat' dir='ltr'><strong>animaduersio·</strong></span> 
     </span>
     <span class='ocr_line' id='line_1_34' title="bbox 146 3799 1229 3908; baseline -0.002 -32"><span class='ocrx_word' id='word_1_261' title='bbox 146 3830 239 3883; x_wconf 86' lang='lat' dir='ltr'><strong>nem.</strong></span> <span class='ocrx_word' id='word_1_262' title='bbox 290 3804 424 3908; x_wconf 63' lang='lat' dir='ltr'><strong>,Neque</strong></span> <span class='ocrx_word' id='word_1_263' title='bbox 439 3806 535 3881; x_wconf 89' lang='lat' dir='ltr'><strong>enim</strong></span> <span class='ocrx_word' id='word_1_264' title='bbox 552 3803 671 3880; x_wconf 85' lang='lat' dir='ltr'><strong>omnia</strong></span> <span class='ocrx_word' id='word_1_265' title='bbox 691 3829 883 3903; x_wconf 89' lang='lat' dir='ltr'><strong>possumus</strong></span> <span class='ocrx_word' id='word_1_266' title='bbox 905 3831 1051 3896; x_wconf 89' lang='lat' dir='ltr'><strong>omnes,</strong></span> <span class='ocrx_word' id='word_1_267' title='bbox 1087 3821 1122 3876; x_wconf 92' lang='lat' dir='ltr'><strong>et</strong></span> <span class='ocrx_word' id='word_1_268' title='bbox 1145 3799 1229 3874; x_wconf 84' lang='lat' dir='ltr'><strong>nul·</strong></span> 
     </span>
     <span class='ocr_line' id='line_1_35' title="bbox 145 3902 1327 4014; baseline -0.002 -34"><span class='ocrx_word' id='word_1_269' title='bbox 145 3907 215 3982; x_wconf 91' lang='lat' dir='ltr'><strong>lius</strong></span> <span class='ocrx_word' id='word_1_270' title='bbox 229 3909 357 3984; x_wconf 85' lang='lat' dir='ltr'><strong>saltem</strong></span> <span class='ocrx_word' id='word_1_271' title='bbox 372 3909 611 4014; x_wconf 82' lang='lat' dir='ltr'><strong>negligentiae</strong></span> <span class='ocrx_word' id='word_1_272' title='bbox 625 3906 715 3981; x_wconf 90' lang='lat' dir='ltr'><strong>mihi</strong></span> <span class='ocrx_word' id='word_1_273' title='bbox 732 3907 897 3983; x_wconf 89' lang='lat' dir='ltr'><strong>conscius</strong></span> <span class='ocrx_word' id='word_1_274' title='bbox 912 3933 1001 3979; x_wconf 90' lang='lat' dir='ltr'><strong>sum.</strong></span> <span class='ocrx_word' id='word_1_275' title='bbox 1054 3905 1156 3979; x_wconf 90' lang='lat' dir='ltr'><strong>Idem</strong></span> <span class='ocrx_word' id='word_1_276' title='bbox 1172 3902 1228 3975; x_wconf 86' lang='lat' dir='ltr'><strong>iu·</strong></span> <span class='ocrx_word' id='word_1_277' title='bbox 1320 3969 1327 3978; x_wconf 91' lang='lat'><em>.</em></span> 
     </span>
     <span class='ocr_line' id='line_1_36' title="bbox 147 4005 1227 4111; baseline -0.006 -27"><span class='ocrx_word' id='word_1_278' title='bbox 147 4010 245 4084; x_wconf 88' lang='lat' dir='ltr'><strong>dices</strong></span> <span class='ocrx_word' id='word_1_279' title='bbox 259 4013 367 4090; x_wconf 81' lang='lat' dir='ltr'><strong>velim</strong></span> <span class='ocrx_word' id='word_1_280' title='bbox 383 4013 431 4088; x_wconf 88' lang='lat' dir='ltr'><strong>de</strong></span> <span class='ocrx_word' id='word_1_281' title='bbox 446 4013 584 4088; x_wconf 86' lang='lat' dir='ltr'><strong>omissis</strong></span> <span class='ocrx_word' id='word_1_282' title='bbox 600 4013 694 4090; x_wconf 84' lang='lat' dir='ltr'><strong>forte</strong></span> <span class='ocrx_word' id='word_1_283' title='bbox 709 4011 924 4111; x_wconf 87' lang='lat' dir='ltr'><strong>quibusdam</strong></span> <span class='ocrx_word' id='word_1_284' title='bbox 932 4008 1111 4088; x_wconf 86' lang='lat' dir='ltr'><strong>Hellanici</strong></span> <span class='ocrx_word' id='word_1_285' title='bbox 1123 4005 1227 4098; x_wconf 88' lang='lat' dir='ltr'><strong>locis,</strong></span> 
     </span>
     <span class='ocr_line' id='line_1_37' title="bbox 144 4105 1226 4216; baseline -0.009 -27"><span class='ocrx_word' id='word_1_286' title='bbox 144 4116 269 4214; x_wconf 82' lang='lat' dir='ltr'><strong>quales</strong></span> <span class='ocrx_word' id='word_1_287' title='bbox 283 4115 445 4216; x_wconf 87' lang='lat' dir='ltr'><strong>inprimis</strong></span> <span class='ocrx_word' id='word_1_288' title='bbox 463 4116 544 4189; x_wconf 89' lang='lat' dir='ltr'><strong>fieri</strong></span> <span class='ocrx_word' id='word_1_289' title='bbox 557 4135 675 4215; x_wconf 83' lang='lat' dir='ltr'><strong>potest</strong></span> <span class='ocrx_word' id='word_1_290' title='bbox 690 4135 728 4189; x_wconf 83' lang='lat' dir='ltr'><strong>ut</strong></span> <span class='ocrx_word' id='word_1_291' title='bbox 742 4115 867 4214; x_wconf 86' lang='lat' dir='ltr'><strong>plures</strong></span> <span class='ocrx_word' id='word_1_292' title='bbox 882 4113 1108 4210; x_wconf 85' lang='lat' dir='ltr'><strong>reperiantur</strong></span> <span class='ocrx_word' id='word_1_293' title='bbox 1127 4105 1226 4207; x_wconf 88' lang='lat' dir='ltr'><strong>apud</strong></span> 
     </span>
    </p>
   </div>
   <div class='ocr_carea' id='block_1_3' title="bbox 143 4214 1226 4325">
    <p class='ocr_par' dir='ltr' id='par_1_4' title="bbox 143 4214 1226 4325">
     <span class='ocr_line' id='line_1_38' title="bbox 143 4214 1226 4325; baseline -0.01 -29"><span class='ocrx_word' id='word_1_294' title='bbox 143 4221 405 4317; x_wconf 77' lang='lat' dir='ltr'><strong>Eustatlriam,</strong></span> <span class='ocrx_word' id='word_1_295' title='bbox 431 4220 536 4294; x_wconf 90' lang='lat' dir='ltr'><strong>cuius</strong></span> <span class='ocrx_word' id='word_1_296' title='bbox 556 4219 594 4293; x_wconf 91' lang='lat' dir='ltr'><strong>in</strong></span> <span class='ocrx_word' id='word_1_297' title='bbox 610 4224 821 4298; x_wconf 83' lang='lat' dir='ltr'><strong>Homerum</strong></span> <span class='ocrx_word' id='word_1_298' title='bbox 842 4214 1118 4325; x_wconf 82' lang='lat' dir='ltr'><strong>commentarios</strong></span> <span class='ocrx_word' id='word_1_299' title='bbox 1134 4236 1226 4288; x_wconf 91' lang='lat' dir='ltr'><strong>non·</strong></span> 
     </span>
    </p>
   </div>
   <div class='ocr_carea' id='block_1_4' title="bbox 0 0 1404 4860">
    <p class='ocr_par' dir='ltr' id='par_1_5' title="bbox 0 0 1404 4860">
     <span class='ocr_line' id='line_1_39' title="bbox 0 0 1404 4860; baseline 0 3"><span class='ocrx_word' id='word_1_300' title='bbox 0 0 1404 4860; x_wconf 95' lang='lat' dir='ltr'><strong> </strong></span> 
     </span>
    </p>
   </div>
  </div>
 </body>
</html>
