2780 4858
66 374 69 382 .
109 351 111 356 ·
220 317 285 383 166
381 361 383 368 ,
421 315 680 380 astantum
705 311 1008 386 FRAGMENTA.
1039 322 1111 388 142.

220 463 352 550 Kanai,
373 457 410 534 P.
423 467 449 536 1.
472 467 561 533 inter
582 429 733 554 inedita,
755 497 787 559 p.
802 457 844 543 32¹
858 459 964 542 2-'34
1010 467 1090 538 Fuit
1102 483 1216 534 autem
1230 471 1311 534 Me-

221 590 327 631 mnon
349 569 484 656 proprie
506 593 562 634 rex
585 574 724 662 Aegypti
754 576 791 639 in
815 573 1008 655 Thebaide,
1041 572 1078 636 in
1099 571 1194 638 cuius
1218 571 1311 658 regia

63 705 65 710 v
197 670 287 766 furit
312 673 522 746 nobilissima
545 675 602 740 illa
625 693 748 752 statua.
773 701 856 764 quae
873 663 1028 763 quotidie
1053 672 1227 738 exoriente
1240 675 1312 739 sole

220 792 344 838 sonum
368 778 516 842 vocalem
539 775 684 843 edidisse
707 779 848 860 dicitur,
878 779 974 843 et'ad
997 799 1099 863 quam
1125 774 1311 839 videndam

222 889 256 938 et
278 877 359 942 alios
388 864 511 944 multos
541 879 667 945 scimus
690 881 891 970 longinquas
914 873 1203 968 peregrinationes
1236 899 1311 942 sus-

221 976 349 1064 cepisse
371 996 405 1070 et
427 984 650 1052 Alexandrum
673 987 720 1048 M.
751 986 799 1070 (v.
814 975 957 1050 omnino
979 980 1137 1048 Freinsh.
1154 981 1196 1043 ad
1214 980 1312 1048 Catu.

194 1084 254 1158 ‚¹4,
275 1089 309 1158 8,
328 1087 363 1150 3:
381 1101 414 1148 et
430 1085 536 1154 Pane.
549 1087 634 1152 Era.
648 1083 826 1164 Jahlonsii
839 1087 880 1149 de
902 1087 1087 1154 Memnone
1105 1085 1311 1156 Graecorum

221 1184 531 1280 etdegyptiorum,
559 1190 728 1276 huiusque
750 1187 964 1255 celeberrima
986 1185 1024 1248 its
1047 1183 1313 1250 Thebaidesta.

155 1354 158 1359 ,
221 1295 280 1346 tua
309 1291 627 1374 syntagmata-tria,
664 1284 751 1363 Fici.
780 1295 822 1356 ad
857 1290 968 1360 Visdr·
997 1291 1089 1358 1753.
1111 1287 1155 1371 4.)
1207 1291 1313 1352 Recte

90 1383 92 1401 ¹
222 1383 328 1480 igitur
349 1390 474 1457 sentire
496 1390 673 1478 videntur,
702 1395 760 1482 qui
783 1410 918 1481 putant,
952 1396 1172 1474 Memnonem
1192 1386 1312 1454 fictum

223 1488 330 1560 fuisse
355 1497 499 1563 Aurorae
528 1495 657 1574 filium,
692 1500 784 1584 quod
808 1495 1018 1563 eerriente
1044 1489 1204 1556 Troianis
1234 1489 1312 1554 belli

223 1591 334 1678 socios
367 1596 540 1675 adduxerit
564 1598 759 1689 Aethiopas,
794 1619 876 1686 quos
900 1594 1018 1663 Graeci
1042 1593 1194 1660 incolere·
1212 1609 1313 1676 puta-

223 1695 306 1766 bant
325 1696 480 1784 regiones
500 1697 650 1790 Qrieutis
673 1704 842 1792 australes.
895 1703 992 1774 Vnde
1013 1694 1200 1784 Aeschylus
1220 1696 1312 1778 apud
1342 1773 1346 1780 ⁸

201 1791 336 1890 'Sicula
361 1805 417 1881 15,
440 1825 472 1888 p.
487 1812 561 1886 728,
584 1807 621 1873 Α.
655 1803 851 1872 Memnonis
880 1820 1023 1888 matrem
1054 1821 1125 1866 non
1149 1805 1312 1864 Auroram

225 1914 284 1972 aut
306 1889 408 1968 Diem
431 1922 548 1990 vocat,
582 1910 641 1972 sed
664 1906 814 1996 Cissiam.
852 1911 909 1970 ,De
930 1927 966 1968 re
988 1919 1101 1968 tamen
1124 1900 1196 1986 ipsa
1218 1899 1314 1968 vide-

223 2013 280 2067 tur
301 2007 397 2094 poss'e
419 2005 578 2072 dubitari.
622 2015 732 2074 Immo
750 2009 838 2074 facio
853 2030 931 2073 cum
945 2005 1083 2096 Heynio
1105 1999 1314 2090 adApollod.

224 2127 258 2191 p·
273 2113 345 2176 756.
369 2109 445 2192 qui.
478 2113 584 2186 „haec
607 2111 739 2186 omnia,
768 2109 899 2196 inquit,
936 2109 965 2174 si
989 2107 1071 2194 quid
1093 2107 1165 2172 veri
1188 2111 1313 2190 subest,

225 2207 350 2276 auxilia
372 2211 503 2276 Priamo
532 2235 571 2278 ex
595 2211 753 2280 orientali
776 2210 888 2298 aliqua
918 2210 1056 2298 regione
1076 2209 1175 2277 Asiae
1197 2210 1314 2274 mino.

225 2311 269 2376 ris
299 2315 448 2392 adducta·
464 2303 677 2392 declaranras
720 2316 884 2382 Memnon
916 2315 957 2386 ad
979 2313 1118 2384 Troiam
1141 2311 1315 2392 interfecit
1385 2387 1386 2398 χ

224 2406 439 2481 Antilochum
464 2420 512 2504 (v.
529 2395 675 2486 Prticlus
694 2423 716 2484 l.
732 2405 754 2482 l'.
772 2431 815 2510 p.
834 2419 920 2501 33.),
952 2415 1024 2504 ipse
1047 2415 1246 2480 interfecths
1263 2429 1315 2477 est

170 2596 173 2600 ι
224 2517 265 2583 ab
290 2515 436 2602 Achille,
464 2503 622 2586 vt⁸frater
650 2523 722 2586 eius
738 2518 922 2582 Emathion
944 2523 983 2583 ah
1000 2521 1146 2588 Hercule
1169 2539 1209 2581 eo
1224 2535 1314 2580 tern-

225 2636 326 2699 pore,
366 2609 617 2705 qqucryonis¹
638 2627 745 2687 boues
777 2620 898 2708 abegit.
935 2646 966 2684 v.
990 2620 1236 2700 Sclthinri.
1258 2621 1312 2684 01.
1384 2659 1385 2664 κ

195 2733 255 2805 ’6,
282 2733 351 2796 148.
383 2727 489 2790 Causa
510 2725 711 2790 mutationis
735 2723 876 2792 Tithoni
898 2722 934 2786 in
961 2722 1108 2788 cicadam
1132 2721 1210 2786 satis
1233 2739 1313 2785 nota

161 2861 172 2888 =.
225 2841 274 2922 est
297 2826 464 2896 omnibns.
502 2825 795 2892 Solennnlsautem
811 2825 991 2890 nominum
1013 2829 1155 2892 Aurora
1177 2841 1208 2888 et
1225 2825 1313 2896 Dies

223 2917 425 3013 permutatio
458 2927 574 2994 multis
598 2929 758 3016 exemplis
782 2927 916 3016 probari
939 2945 1060 3014 potest.
1115 2927 1171 2992 Sic
1200 2933 1311 2993 Tasta.

223 3031 266 3092 ad
279 3031 446 3122 Lycophr.
472 3042 520 3106 18.
544 3049 577 3095 et
592 3032 706 3100 Sahal.
723 3031 827 3098 Picti.
843 3034 864 3100 l,
878 3033 900 3094 l.
925 3033 1023 3094 habet
1036 3027 1182 3116 Ἡμέρα,
1204 3051 1312 3116 quum

223 3130 296 3217 ipse
313 3131 532 3222 L'ycophron,
556 3117 751 3204 vtralariod.
770 3135 880 3220 theog.
898 3141 970 3204 984.
985 3131 1144 3223 Apollori.
1161 3145 1193 3206 5,
1212 3143 1263 3215 12,
1279 3143 1311 3202 4.

222 3233 349 3322 aliique
372 3235 623 3328 habeantzllor'p.
661 3239 787 3300 Eodem
811 3237 914 3331 modo
931 3239 1116 3321 Cephalum
1131 3232 1223 3314 ’Har
1237 3235 1312 3299 eius

222 3358 333 3418 amore
350 3355 443 3426 capta
460 3337 586 3404 dicitur
601 3338 749 3426 rapuisse
766 3341 854 3424 apud
874 3340 1116 3428 Apollodorum
1136 3348 1167 3419 3,
1193 3347 1242 3412 14,
1267 3347 1312 3419 3.,
1381 3365 1382 3427 t

215 3442 282 3504 sed
292 3437 422 3527 Ἡμέρα
438 3444 691 3528 apudPtaason.
708 3452 736 3514 1.
755 3451 787 3510 3.
800 3465 841 3524 ¹p.
852 3451 884 3511 8.
898 3459 931 3505 et
945 3453 975 3518 3,
995 3453 1045 3514 18.
1060 3456 1094 3533 p.
1110 3449 1182 3512 256.
1210 3443 1312 3507 Corsi.
1375 3497 1381 3514 ,

222 3541 423 3612 Heraclidis
446 3534 649 3636 allegoriae!
672 3543 709 3606 in
733 3535 836 3610 Golei
856 3547 1032 3632 Opusculis
1055 3535 1312 3630 mythologicis,

88 3636 94 3648 l
221 3645 370 3738 physicis
399 3666 432 3712 et
455 3647 576 3714 ethicis
591 3671 638 3732 .p.
654 3656 728 3716 492.
752 3661 785 3711 et
816 3646 886 3715 loir.
911 3647 1048 3715 Christi.
1074 3645 1131 3713 W
1128 3641 1314 3732 ernadotfii

222 3749 474 3818 Commentario
483 3797 495 3830 ,
520 3771 603 3836 quae
626 3747 836 3822 inscribiturr
865 3751 1028 3836 allegoria
1046 3743 1226 3814 Homerica
1249 3769 1314 3812 ro·
1378 3807 1380 3832 1

220 3867 301 3946 ptus
328 3859 479 3920 Aurorae
516 3851 774 3936 explicata,„-et
795 3841 920 3918 inserta
952 3868 1002 3916 est
1023 3852 1127 3921 Ferd·
1155 3841 1314 3920 'Stoscitii
1379 3885 1380 3933 p

222 3963 341 4024 Museo
370 3952 504 4026 critico,
537 3950 612 4020 Vol.
633 3957 657 4018 1.
688 3949 810 4019 Fascis.
831 3957 884 4019 ΙΙΙ.
916 3946 1246 4040 Lemgov.1775,8,
1277 3977 1311 4039 p.

221 4062 430 4132 aso-358·
474 4059 609 4124 Aurora
632 4052 739 4141 igitur
760 4076 789 4126 s.
811 4055 890 4123 Dies
913 4056 1055 4122 Tithoni
1072 4081 1186 4124 amore
1202 4076 1311 4145 capta.
1377 4079 1379 4185 p

221 4159 319 4250 petiit
341 4159 371 4224 ei
394 4181 412 4222 a
436 4156 547 4224 Parcis
570 4157 867 4227 immortalitatem.
912 4159 977 4225 Sed
1000 4181 1105 4246 quam
1130 4161 1236 4228 oblita
1255 4183 1313 4226 es-
