2780 4858
202 250 264 316 173
437 191 1030 317 csorrttant'rnrararro.
1106 265 1110 270 ·

201 415 275 466 tum
297 395 401 464 unius
424 395 541 464 Graeci
567 395 739 484 scriptoris
762 397 889 470 auxilio
919 399 1091 488 suscipele
1112 399 1284 468 sustinni-

199 523 291 578 mns,
312 519 368 566 ιιι
393 517 433 565 ex
462 521 502 565 eo
525 499 594 564 fere
616 503 690 566 solo
715 504 919 570 Graecorum
940 503 1095 571 omnium
1116 503 1284 571 librorum

199 603 470 670 emendationem
492 597 659 666 tradere
644 623 706 666 nos
727 602 980 721 ιιιοῆιιιιιιιιιις
1025 607 1061 695 id
1088 629 1180 672 nunc
1203 631 1283 693 qua-

192 707 226 770 ¹si
255 699 431 794 resumptis
460 704 590 770 viribus
615 719 694 792 post
725 704 818 772 aliud
848 730 933 796 opus
955 699 1165 784 ahsolutum,
1206 713 1284 776 loco

198 811 306 874 multo
329 808 578 889 commodiore,
617 809 718 893 paulo
746 809 898 895 pluribus
928 832 966 876 ae
989 810 1173 880 maioribus
1203 805 1297 879 fulti

64 960 81 1000 ,y
197 906 376 990 subsidiis,
398 907 533 1029 plenius
557 924 590 973 et
611 909 747 975 uberius
770 909 980 980 docebimus.

281 1017 328 1082 Ac
355 1010 466 1102 primo
504 1011 641 1100 quidem
665 1015 751 1104 loco
775 1015 817 1078 de
843 1013 1023 1082 Aristide
1028 1034 1144 1094 nostro
1175 1039 1283 1082 corre·

197 1117 351 1186 ctionum
372 1118 524 1228 ertempla
546 1135 738 1209 tumemus,
775 1137 860 1204 quae
884 1115 920 1204 ip
943 1137 982 1182 eo
1005 1136 1084 1183 sunt
1104 1141 1284 1208 propemo-

196 1219 319 1288 dum
307 1222 498 1287 annumera.
547 1222 639 1285 Νιιιι
667 1233 797 1306 praeter
826 1237 956 1286 nostras
984 1221 1211 1334 coniecturas,
1249 1238 1284 1287 et

54 1343 61 1350 ·
180 1322 413 1390 ,collationem
436 1320 629 1412 orationum
654 1325 796 1388 duarum
810 1325 850 1416 ah
866 1324 947 1405 Aldo
961 1314 1148 1422 editarum,
1180 1342 1284 1412 atque

80 1443 105 1492 ’.
195 1427 306 1535 etiam
320 1423 471 1501 codicim
495 1407 591 1502 abA.
611 1425 744 1493 Arleuio
768 1449 844 1494 cum
866 1443 982 1494 vetere
1001 1429 1146 1545 quodam
1172 1431 1285 1494 colla-

195 1545 285 1612 turn,
322 1527 431 1602 tribua
439 1525 682 1610 manuscriptis
702 1545 779 1614 post
792 1527 1010 1597 Aristidem
999 1551 1066 1595 ram
1083 1532 1210 1598 editum
1227 1531 1283 1596 usi

194 1655 255 1700 nos
284 1654 420 1700 sumus:
458 1651 603 1724 quorum
619 1633 719 1720 duos
746 1629 899 1701 Veneriis
926 1631 1154 1712 bibliothecae
1176 1635 1284 1716 duae,

195 1741 295 1804 altera
330 1739 363 1806 S.
400 1731 557 1816 Antonii,
605 1718 707 1798 altera
743 1736 797 1802 SS.
836 1733 972 1801 loanni'r
1002 1754 1036 1801 et
1059 1735 1173 1813 Pauli,
1211 1753 1284 1800 ter-

72 1907 74 1911 ·
107 1853 108 1856 ¹
135 1907 138 1926 ι
195 1839 284 1906 ΠΜ
314 1861 353 1904 ‘³³‘
375 1840 587 1923 Augumme
609 1834 690 1922 reip·
710 1833 934 1958 blbiioliteca
942 1843 986 1908 H.
1009 1840 1150 1906 Wolfiua
1179 1837 1283 1903 nohis
1317 1829 1320 1836 ’

120 1950 122 1955 ’
194 1943 360 2008 utendum
378 1939 478 2007 dedit.
515 1935 742 2036 Quinetiam
764 1941 812 2003 Μ.
829 1909 1180 2056 quhianicodicem,
1201 1964 1282 2028 par-

184 2027 257 2111 ³tim
280 2043 416 2130 abipso
436 2056 646 2120 correctum,
676 2037 801 2125 partim
812 2041 918 2108 cuni
917 2021 1280 2126 ueteribuscollatum.
1320 2126 1324 2134 Ι

193 2147 278 2215 hV.
299 2145 450 2214 Pinellus
471 2140 603 2210 Patavii
633 2141 810 2210 nobiscum
832 2144 1109 2216 communicavit.
1215 2144 1283 2214 Se-
1387 2151 1388 2220 l

193 2244 320 2317 cundo
337 2269 417 2342 rero
447 2247 521 2312 loco
551 2242 729 2324 Heliodori
762 2243 952 2314 historiam
974 2252 1198 2332 adducemus,
1236 2271 1283 2314 ex

156 2407 158 2412 .
193 2355 325 2420 duobus
355 2347 502 2438 antiquit
529 2339 756 2412 codicibus
734 2318 860 2450 riaiium
889 2349 927 2416 ln
966 2345 1109 2418 modom
1136 2352 1282 2453 anqhis

191 2457 416 2523 emendatam.
473 2449 611 2535 Etenim
648 2437 799 2550 primum
838 2473 917 2521 oum
956 2453 1119 2523 Vaticano
1157 2439 1282 2522 codiee

143 2559 146 2584 ’
192 2560 353 2626 nullatum
379 2559 446 2622 hoe
474 2563 559 2645 spus
588 2545 781 2641 aquodam
801 2554 891 2624 luit·
930 2559 1063 2634 deinde
1078 2579 1120 2626 ex
1149 2557 1252 2622 ulie·
1238 2581 1280 2623 m

145 2734 155 2744 ,
191 2661 283 2728 ltalia
314 2657 441 2746 scripto
468 2655 558 2722 libro
583 2659 623 2724 G.
655 2654 925 2758 Ftlltenburgiui
944 2655 1055 2728 idean
1053 2659 1279 2781 empndapit
1387 2639 1388 2722 Ῑ

191 2766 244 2832 Etr
265 2763 442 2850 utriusque
463 2780 569 2851 porro
579 2758 656 2831 ltuat
675 2743 804 2826 notis
792 2780 831 2826 ιιι
852 2785 959 2829 unum
979 2764 1133 2832 collectis
1154 2763 1281 2834 Helio·-

94 2917 95 2924 .
193 2857 314 2944 domin
335 2883 401 2933 nos
417 2863 640 2944 correximus,
666 2864 801 2929 nostris
830 2865 932 2932 etiam
956 2865 1081 2934 alicubi
1101 2868 1280 2954 poniectu-
1387 2887 1388 2958 ι

106 3025 112 3042 ,
190 2970 237 3038 rie
267 2967 503 3038 interiectis.
569 2955 690 3034 Tertio
712 2971 797 3036 loco
829 2969 1007 3050 volumen
1030 2987 1203 3039 oratorum
1235 2977 1279 3040 ab
1387 2971 1388 3030 Ῐ

110 3087 112 3094 ’
191 3075 275 3140 Aldo
303 3075 404 3140 simol
427 3071 645 3147 encomium,
667 3070 820 3170 'L'y'e‘iae3
853 3069 1040 3165 Dinarchi,
1073 3076 1278 3162 Andocidis,
1387 3073 1388 3092 ¹

190 3191 252 3242 etc.
275 3155 516 3266 proferemusr
536 3175 636 3260 quod
643 3172 783 3266 quidem
797 3179 870 3242 solo
891 3197 953 3243 nos
975 3177 1115 3275 ingenio
1137 3180 1285 3248 iuvante
1387 3173 1388 3190 ¹

189 3279 273 3348 loeis
287 3275 443 3370 plurimis
456 3274 728 3372 repurgavimust
805 3281 933 3400 Quartp
946 3286 1130 3350 succedent
1139 3287 1277 3368 Syneeii

188 3382 318 3472 aliquot
338 3383 513 3472 opuscula,
542 3381 675 3446 Graece
681 3379 847 3468 etLatine
870 3383 1061 3472 primumn
1083 3386 1184 3454 nobis
1208 3391 1276 3454 edi·

189 3504 243 3558 ta.
255 3503 357 3582 quae
375 3483 517 3552 nobisl
539 3485 730 3574 Oporinus,
759 3489 837 3556 etl.
856 3488 897 3552 V.
916 3486 1065 3570 Pinellus
1087 3511 1107 3555 e
1129 3489 1202 3555 suis
1225 3491 1275 3556 hi-

188 3589 384 3670 bllothecie,
423 3589 479 3658 H.-
495 3587 670 3656 Wolfius
676 3604 731 3650 ex
750 3585 961 3680 Augustam,
1001 3591 1274 3714 suppeditarunt.

101 3740 107 3753 ,
140 3697 145 3720 ’
186 3700 302 3807 ltaque
331 3691 451 3816 partim
474 3713 492 3758 e
514 3691 716 3778 scriptorum
736 3690 825 3756 inter
845 3687 1108 3780 recollatione,
1147 3695 1274 3816 pprtim

187 3797 305 3864 nostra
327 3795 456 3916 sagacia
484 3794 581 3876 freti,
616 3815 686 3858 non
711 3793 899 3862 difficulter
904 3799 1029 3886 eadem
1049 3795 1273 3866 restituimus.
1387 3817 1388 3844 ι

185 3905 230 3968 Ει
252 3898 414 3989 quoniam
436 3899 517 3966 haec
545 3919 688 3966 numero
711 3921 817 3988 pauca
839 3917 933 3983 sunt,
974 3923 1015 3967 ex
1027 3899 1112 3968 aliis
1136 3923 1273 3990 quoque

186 4001 422 4093 scriptoribus,
444 4018 483 4068 ut
496 4000 652 4092 Polybio,
676 4001 894 4086 Thucydide,
916 4001 1065 4079 Iustino,
1087 4003 1269 4087 Clemente,
1387 4015 1388 4068 t

94 4138 113 4164 μ
186 4121 221 4172 et
245 4101 388 4196 reliquis
413 4104 667 4172 emendationes
695 4101 826 4195 aliquot
844 4103 1165 4196 conglutinabimus.
1207 4111 1267 4178 Po·
